Search Results | Real Canadian Superstore
Printing items
<html lang="en" data-mobile-menu-state="inactive" data-desktop-menu-state="inactive" data-modal-state="active" data-media="t2" data-loading-state="false" data-notice="inactive" data-fulfillment-mode-state="inactive" data-is-touch-enabled="false" class="smartbanner-margin-top"><head class="at-element-marker"><script type="text/javascript" async="async" src="https://smetrics.realcanadiansuperstore.ca/b/ss/lclsuperstoreprod/10/JS-2.22.0-LBSQ/s32294552449408?AQB=1&amp;ndh=1&amp;pf=1&amp;callback=s_c_il[1].doPostbacks&amp;et=1&amp;t=19%2F5%2F2021%2021%3A54%3A49%206%200&amp;cid.&amp;pcid_idsync.&amp;id=anonymous&amp;as=1&amp;.pcid_idsync&amp;pcid_attributes.&amp;id=anonymous&amp;as=1&amp;.pcid_attributes&amp;.cid&amp;d.&amp;nsid=0&amp;jsonv=1&amp;coop_safe=1&amp;.d&amp;mid=83308930089477039400745097730243834132&amp;aamlh=9&amp;ce=UTF-8&amp;pageName=rcss%7Csearch%7Csearch-success&amp;g=https%3A%2F%2Fwww.realcanadiansuperstore.ca%2Fsearch%3Fsearch-bar%3Dapple&amp;cc=CAD&amp;events=event21&amp;c1=D%3DpageName&amp;v1=D%3DpageName&amp;c2=D%3Dg&amp;v2=en&amp;c3=D%3Dv2&amp;v4=guest&amp;c6=D%3Dv4&amp;c7=D%3Dv5&amp;v8=D%3Dt&amp;c9=D%3Dv7&amp;c12=D%3DpageName&amp;c13=search&amp;c16=D%3Dt&amp;v18=anonymous&amp;c19=D%3Dv76&amp;c20=D%3Dv77&amp;v20=83308930089477039400745097730243834132&amp;c21=D%3Dv78&amp;c22=D%3Dv79&amp;c23=D%3Dv80&amp;c24=D%3Dv30&amp;c28=autolocalizationfailed-accuracy&amp;c29=D%3Dc28&amp;v32=PC%20Optimum%20Member%20Unknown&amp;c39=D%3DUser-Agent&amp;c43=D%3Dv75&amp;v49=to%3ANaN%7Cgr%3Anull%7Cma%3Anull&amp;v57=D%3Dg&amp;v58=superstore&amp;c75=direct%20call%20customlink&amp;v86=srp&amp;v90=pc%20insiders%20membership%20unknown&amp;v92=D%3Dc28&amp;v117=marketplace-experience&amp;v135=8cd8b10e-2e7e-4f94-a21b-89c7a3596493&amp;v140=not%20selected&amp;v200=medallia-script%3Aexists&amp;pe=lnk_o&amp;pev2=autolocalizationfailed-accuracy&amp;s=800x600&amp;c=24&amp;j=1.6&amp;v=N&amp;k=Y&amp;bw=800&amp;bh=600&amp;mcorgid=99911CFE5329657B0A490D45%40AdobeOrg&amp;AQE=1"></script><script type="text/javascript" async="" src="https://analytics.tiktok.com/i18n/pixel/config.js?sdkid=C2ELR07MU8Q03RAJ1H7G&amp;hostname=www.realcanadiansuperstore.ca"></script><script type="text/javascript" data-cfasync="false" src="https://storage.googleapis.com/bluecore_addons/real_canadian_superstore.ju.js"></script><script async="" src="https://s.pinimg.com/ct/lib/main.c6ca189a.js"></script><script type="text/javascript" async="async" src="https://smetrics.realcanadiansuperstore.ca/b/ss/lclsuperstoreprod/10/JS-2.22.0-LBSQ/s38293779387242?AQB=1&amp;ndh=1&amp;pf=1&amp;callback=s_c_il[1].doPostbacks&amp;et=1&amp;t=19%2F5%2F2021%2021%3A54%3A49%206%200&amp;cid.&amp;pcid_idsync.&amp;id=anonymous&amp;as=1&amp;.pcid_idsync&amp;pcid_attributes.&amp;id=anonymous&amp;as=1&amp;.pcid_attributes&amp;.cid&amp;d.&amp;nsid=0&amp;jsonv=1&amp;coop_safe=1&amp;.d&amp;sdid=44783770866CD1C8-42C720E7DA96F812&amp;mid=83308930089477039400745097730243834132&amp;aamlh=9&amp;ce=UTF-8&amp;pageName=rcss%7Csearch%7Csearch-success&amp;g=https%3A%2F%2Fwww.realcanadiansuperstore.ca%2Fsearch%3Fsearch-bar%3Dapple&amp;cc=CAD&amp;ch=search&amp;server=www.realcanadiansuperstore.ca&amp;events=event1%2Cevent2%2Cevent23%2Cevent142%3D2.183%2Cevent143%3D3.748%2Cevent144%3D1.224%2Cevent158%3D669%2Cevent159%3D465%2Cevent160%3D204%2Cevent121&amp;aamb=RKhpRz8krg2tLO6pguXWp5olkAcUniQYPHaMWWgdJ3xzPWQmdj0y&amp;c1=D%3Dv1&amp;v1=rcss%7Csearch%7Csearch-results&amp;h1=D%3DpageName&amp;l1=apple&amp;c2=D%3Dg&amp;v2=en&amp;c3=D%3Dv2&amp;v3=tablet&amp;c4=D%3Dr&amp;v4=guest&amp;c5=D%3Dv3&amp;v5=New&amp;c6=D%3Dv4&amp;v6=New%20Visitor&amp;c7=New&amp;v7=1&amp;c8=New%20Visitor&amp;v8=1624139688&amp;c9=1&amp;v9=year%3D2021%20%7C%20month%3DJune%20%7C%20date%3D19%20%7C%20day%3DSaturday%20%7C%20time%3D9%3A54%20PM&amp;c10=D%3DpageName&amp;v10=D%3Dv0&amp;c11=D%3DpageName&amp;c12=apple&amp;v12=D%3Dv11&amp;c13=search&amp;c16=1624139688&amp;c17=D%3Dv9&amp;v18=anonymous&amp;v20=83308930089477039400745097730243834132&amp;c24=D%3Dv30&amp;c25=D%3Dv40&amp;c29=D%3Dg&amp;c30=D%3Dv11&amp;v32=PC%20Optimum%20Member%20Unknown&amp;c35=apple&amp;v36=OPEN&amp;c38=apple&amp;c39=D%3DUser-Agent&amp;v49=to%3A669%7Cgr%3A465%7Cma%3A204&amp;v57=D%3Dg&amp;v58=superstore&amp;v62=apple&amp;v63=unauthenticated&amp;v64=unauthenticated&amp;c66=D%3Dv44&amp;v72=1624139688&amp;c75=direct%20call%20pageview&amp;v75=D%3Dc63&amp;v86=srp&amp;v90=pc%20insiders%20membership%20unknown&amp;v95=product%3Agrocery&amp;v97=apple&amp;v98=bronx&amp;v107=3b61ce4b-7776-4005-8d6e-63636dab039f&amp;v112=1&amp;v117=marketplace-experience&amp;v130=grocery&amp;v135=8cd8b10e-2e7e-4f94-a21b-89c7a3596493&amp;v139=null%7Cnull&amp;v140=not%20selected&amp;v142=twostageranking&amp;v149=organic&amp;v200=medallia-script%3Aexists&amp;s=800x600&amp;c=24&amp;j=1.6&amp;v=N&amp;k=Y&amp;bw=800&amp;bh=600&amp;mcorgid=99911CFE5329657B0A490D45%40AdobeOrg&amp;AQE=1"></script><style type="text/css">@keyframes atNodeInserted997 {from {opacity:0.99} to {opacity:1}}
@-moz-keyframes atNodeInserted997 {from {opacity:0.99} to {opacity:1}}
@-webkit-keyframes atNodeInserted997 {from {opacity:0.99} to {opacity:1}}
@-ms-keyframes atNodeInserted997 {from {opacity:0.99} to {opacity:1}}
@-o-keyframes atNodeInserted997 {from {opacity:0.99} to {opacity:1}}
.cms-share{
animation-duration:0.001s;animation-name:atNodeInserted997;
-moz-animation-duration:0.001s;-moz-animation-name:atNodeInserted997;
-webkit-animation-duration:0.001s;-webkit-animation-name:atNodeInserted997;
-ms-animation-duration:0.001s;-ms-animation-name:atNodeInserted997;
-o-animation-duration:0.001s;-o-animation-name:atNodeInserted997;
}</style>
        <meta charset="UTF-8">
        <meta name="viewport" content="width=device-width,initial-scale=1">
        <title>Search Results | Real Canadian Superstore</title>
        <meta name="google-site-verification" content="R9aTfqOuedssWWHwaj_MobIhlOtHBe5QqPoD2Q-MQMc">
         
        <link rel="preconnect" href="https://data.signalayer.com">
        <link rel="preconnect" href="https://cdn.signalayer.com">
        <link rel="preconnect" href="https://t.signalayer.com">
        <link rel="preconnect" href="https://www.googletagmanager.com">
        <link rel="preconnect" href="https://cdn.appdynamics.com">
        <link rel="preconnect" href="https://cdn.jsdelivr.net">
        <link rel="preconnect" href="https://clickncollect.s3.us-east-1.amazonaws.com">
        <link rel="preconnect" href="https://d3rzy2hoo29vi.cloudfront.net">
        <script type="text/javascript" async="" src="https://analytics.tiktok.com/i18n/pixel/events.js?sdkid=C2ELR07MU8Q03RAJ1H7G&amp;lib=ttq"></script><script src="//bat.bing.com/bat.js" async=""></script><script type="text/javascript" async="" src="https://api.bluecore.com/triggermail.js/real_canadian_superstore.js"></script><script src="//bat.bing.com/bat.js" async=""></script><script type="text/javascript" async="" src="https://tag.rmp.rakuten.com/120461.ct.js"></script><script src="https://connect.facebook.net/signals/config/408759993146884?v=2.9.41&amp;r=stable" async=""></script><script src="https://connect.facebook.net/signals/config/611159122717147?v=2.9.41&amp;r=stable" async=""></script><script async="" src="https://connect.facebook.net/en_US/fbevents.js"></script><script type="text/javascript" async="" src="https://s.pinimg.com/ct/core.js"></script><script type="text/javascript" async="" src="https://script.crazyegg.com/pages/scripts/0072/5611.js"></script><script type="text/javascript" async="" src="https://www.google-analytics.com/analytics.js"></script><script type="text/javascript" async="" src="https://www.googletagmanager.com/gtag/js?id=G-B9WFKJZHQ5&amp;l=dataLayer&amp;cx=c"></script><script type="text/javascript" async="" src="https://cdn.appdynamics.com/adrum-ext.281eccdb0a28fe3b4dbfbf942f8b88ed.js"></script><script src="https://cdn.signalayer.com/static/player.js" type="text/javascript" async=""></script><script type="text/javascript" async="" src="//nebula-cdn.kampyle.com/resources/onsite/js/cool-2.1.15.min.js"></script><script async="" src="https://www.googletagmanager.com/gtm.js?id=GTM-NPWHZ7F"></script><script>
            var _ldPerfStart = Date.now();
        </script>
         
        <link rel="preload" as="font" crossorigin="crossorigin" type="font/woff2" href="https://d3rzy2hoo29vi.cloudfront.net/fonts/univers/2B816F_0_0.woff2">
        <link rel="preload" as="font" crossorigin="crossorigin" type="font/woff2" href="https://d3rzy2hoo29vi.cloudfront.net/fonts/univers/2B816F_1_0.woff2">
        <link rel="preload" as="font" crossorigin="crossorigin" type="font/woff2" href="https://d3rzy2hoo29vi.cloudfront.net/fonts/univers/2B816F_2_0.woff2">
        <link rel="preload" as="font" crossorigin="crossorigin" type="font/woff2" href="https://d3rzy2hoo29vi.cloudfront.net/fonts/univers/2B816F_3_0.woff2">
        <link rel="preload" as="font" crossorigin="crossorigin" type="font/woff2" href="https://d3rzy2hoo29vi.cloudfront.net/fonts/univers/2B816F_4_0.woff2">
        <link rel="preload" as="font" crossorigin="crossorigin" type="font/woff2" href="https://d3rzy2hoo29vi.cloudfront.net/fonts/icons/v1/grocery-icons.woff2">
        <link rel="preload" as="font" crossorigin="crossorigin" type="font/opentype" href="https://d3rzy2hoo29vi.cloudfront.net/fonts/noir/Noir_Std.otf">
        <link rel="preload" as="font" crossorigin="crossorigin" type="font/opentype" href="https://d3rzy2hoo29vi.cloudfront.net/fonts/noir/Noir_Std_Semi_Bold.otf">

         
        <link type="image/x-icon" rel="shortcut icon" href="https://assets.shop.loblaws.ca/ContentMedia/rcss/logos/64x64icon.ico" media="all">
        <link type="image/x-icon" rel="apple-touch-icon" href="https://assets.shop.loblaws.ca/ContentMedia/pvg/icons/pcx_app_icon.jpg">
        <link type="image/x-icon" rel="android-touch-icon" href="https://assets.shop.loblaws.ca/ContentMedia/pvg/icons/pcx_app_icon.jpg">
        <link type="image/x-icon" rel="windows-touch-icon" href="https://assets.shop.loblaws.ca/ContentMedia/pvg/icons/pcx_app_icon.jpg">

        
        <script>
        !function(e,t,a,n,g){e[n]=e[n]||[],e[n].push({"gtm.start":(new Date).getTime(),event:"gtm.js"});var m=t.getElementsByTagName(a)[0],r=t.createElement(a);r.async=!0,r.src="https://www.googletagmanager.com/gtm.js?id=GTM-NPWHZ7F",m.parentNode.insertBefore(r,m)}(window,document,"script","dataLayer");
        </script>
        
         
        
        <script>
            function targetPageParams() {
                return {
                    site: 'superstore',
                };
            }
        </script>
        <script async="true" src="https://d3rzy2hoo29vi.cloudfront.net/assets/js/at_v1.js"></script>
        
         
        
        <script async="true" src="https://assets.adobedtm.com/ec12e179889c41354087f1ac19e02839d7c19f0e/satelliteLib-105d18abadb6163816bb52f11c640058778e502a.js"></script>
        

        
        <link type="text/css" rel="stylesheet" href="https://d3rzy2hoo29vi.cloudfront.net/builds/production/2.11.11/fc1afc28/superstore-mkt/superstore-mkt-bundle.css">

       
       
        
        
        
        
        
        <link rel="stylesheet" type="text/css" href="https://cloud.typography.com/6655154/632868/css/fonts.css">
        
        
        <script>
            /* App Engine Check */
            window['ldBronxAppEngine'] = true;
            /* The cumulative app settings */
            window['ldBronxAppSettings'] = {
                appData: {"slug":"site-settings-superstore","seoTitle":"Real Canadian Superstore Supermarket | Grocery shop online or instore","appBuild":"production","appVersion":"2.11.11+fc1afc28","assetUrlPrefix":"https://d3rzy2hoo29vi.cloudfront.net/builds","staticAssetPath":"https://assets.shop.loblaws.ca/ContentMedia","heartbeatPollFrequency":30,"appVersionPollFrequency":300,"adobeTargetAssetPath":"https://d3rzy2hoo29vi.cloudfront.net/assets/js/at_v1.js","isAdobeTargetEnabled":true,"isAdobeAnalyticsEnabled":true,"adobeAnalyticsAssetPath":"https://assets.adobedtm.com/ec12e179889c41354087f1ac19e02839d7c19f0e/satelliteLib-105d18abadb6163816bb52f11c640058778e502a.js","isMarketplaceEnabled":true,"regions":[{"region":"Alberta","code":"CA-AB","defaultStoreId":"1502"},{"region":"British Columbia","code":"CA-BC","defaultStoreId":"1517"},{"region":"Manitoba","code":"CA-MB","defaultStoreId":"1505"},{"region":"Ontario","code":"CA-ON","defaultStoreId":"2842"},{"region":"Saskatchewan","code":"CA-SK","defaultStoreId":"1536"},{"region":"Yukon","code":"CA-YT","defaultStoreId":"1530"}],"faviconUrl":"https://assets.shop.loblaws.ca/ContentMedia/rcss/logos/64x64icon.ico","googleSiteVerificationCode":"R9aTfqOuedssWWHwaj_MobIhlOtHBe5QqPoD2Q-MQMc","defaultStoreId":"1080","featureFlags":[{"id":"BaggingOptions","key":"bronxFeatureFlagBaggingOptions","status":false},{"id":"ShowThirtyMinTimeSlot","key":"bronxFeatureFlagShowThirtyMinTimeSlot","status":true},{"id":"Talkable","key":"bronxFeatureFlagTalkable","status":false},{"id":"AutoLocalizationWellnessPages","key":"bronxFeatureFlagAutoLocalizationWellnessPages","status":false},{"id":"AutoLocalizationDependencyPages","key":"bronxFeatureFlagAutoLocalizationDependencyPages","status":false},{"id":"ShopJoeFreshOnGrocery","key":"bronxFeatureFlagShopJoeFreshOnGrocery","status":true},{"id":"PS5ConsoleDirectLink","key":"bronxFeatureFlagPS5ConsoleDirectLink","status":false},{"id":"HideExpeditedShippingOption","key":"bronxFeatureFlagHideExpeditedShippingOption","status":false},{"id":"ShowTypeAheadYourSearches","key":"bronxFeatureFlagShowTypeAheadYourSearches","status":true},{"id":"ShowTypeAheadTopSearches","key":"bronxFeatureFlagShowTypeAheadTopSearches","status":true},{"id":"OutOfStock","key":"bronxFeatureFlagOutOfStock","status":true},{"id":"LowInventory","key":"bronxFeatureFlagLowInventory","status":true},{"id":"ExpPCOInNavFlyers","key":"bronxFeatureFlagExpPCOInNavFlyers","status":false},{"id":"ExpPCOInNavMyshop","key":"bronxFeatureFlagExpPCOInNavMyshop","status":false},{"id":"AutoLocalizeWithMaxMind","key":"bronxFeatureFlagAutoLocalizeWithMaxMind","status":true},{"id":"MarketplaceAccurateLeadTime","key":"bronxFeatureFlagMarketplaceAccurateLeadTime","status":true},{"id":"V3ProductFacadeFlyerSearch","key":"bronxFeatureFlagV3ProductFacadeFlyerSearch","status":true},{"id":"MarketplaceLineItemReturns","key":"bronxFeatureFlagMarketplaceLineItemReturns","status":true},{"id":"DigitalFlyerSubscriptions","key":"bronxFeatureFlagDigitalFlyerSubscriptions","status":true},{"id":"WellnessNaturalFoods","key":"bronxFeatureFlagWellnessNaturalFoods","status":false},{"id":"WellnessMedicalClinics","key":"bronxFeatureFlagWellnessMedicalClinics","status":false},{"id":"FlyerNavigationContentful","key":"bronxFeatureFlagFlyerNavigationContentful","status":true},{"id":"WellnessDietitians","key":"bronxFeatureFlagWellnessDietitians","status":true},{"id":"WellnessOptical","key":"bronxFeatureFlagWellnessOptical","status":true},{"id":"WellnessGuidingStars","key":"bronxFeatureFlagWellnessGuidingStars","status":true},{"id":"WellnessPharmacy","key":"bronxFeatureFlagWellnessPharmacy","status":false},{"id":"SomeRandomTestFeatureFlag","key":"bronxFeatureFlagSomeRandomTestFeatureFlag","status":false},{"id":"CIAM","key":"bronxFeatureFlagCIAM","status":true},{"id":"Contentful","key":"bronxFeatureFlagContentful","status":true},{"id":"Marketplace","key":"bronxFeatureFlagMarketplace","status":true},{"id":"AdobeTarget","key":"bronxFeatureFlagAdobeTarget","status":true},{"id":"FontNoir","key":"bronxFeatureFlagFontNoir","status":true},{"id":"AdobeAnalytics","key":"bronxFeatureFlagAdobeAnalytics","status":true},{"id":"AutoLocalization","key":"bronxFeatureFlagAutoLocalization","status":false},{"id":"Instacart","key":"bronxFeatureFlagInstacart","status":true},{"id":"Delivery","key":"bronxFeatureFlagDelivery","status":false}]},
                bannerData: {"banner":"superstore","hostname":"realcanadiansuperstore","site":"superstore","locale":"en"},
                spaData: {"cdnPath":"https://d3rzy2hoo29vi.cloudfront.net/builds/production/2.11.11/fc1afc28/superstore-mkt","folder":"superstore-mkt","vendorJSPath":"https://d3rzy2hoo29vi.cloudfront.net/builds/production/2.11.11/fc1afc28/superstore-mkt/superstore-mkt-vendor.bundle.js","bundleJSPath":"https://d3rzy2hoo29vi.cloudfront.net/builds/production/2.11.11/fc1afc28/superstore-mkt/superstore-mkt-bundle.js","bundleCSSPath":"https://d3rzy2hoo29vi.cloudfront.net/builds/production/2.11.11/fc1afc28/superstore-mkt/superstore-mkt-bundle.css"},
            };
            /* The cached endpoints */
            window['ldBronxCachedEndpoints'] = null;
        </script><script src="https://assets.adobedtm.com/extensions/EPbde2f7ca14e540399dcc1f8208860b7b/AppMeasurement.min.js" async=""></script><script src="https://assets.adobedtm.com/extensions/EPbde2f7ca14e540399dcc1f8208860b7b/AppMeasurement_Module_ActivityMap.min.js" async=""></script><script src="https://assets.adobedtm.com/extensions/EPbde2f7ca14e540399dcc1f8208860b7b/AppMeasurement_Module_AudienceManagement.min.js" async=""></script> 
    <script src="https://assets.adobedtm.com/cd992ce44810/43390c5e2164/fc111372dcad/RC9ffe3f386ecd40f99a81eebadc266df9-source.min.js" async=""></script><script src="https://assets.adobedtm.com/cd992ce44810/43390c5e2164/fc111372dcad/RC3f5559ad2e6941b1b1c3d7dd2aaef1d0-source.min.js" async=""></script><link rel="stylesheet" type="text/css" href="https://d3rzy2hoo29vi.cloudfront.net/builds/production/2.11.11/fc1afc28/superstore-mkt/common~fd731fb0_app.bundle.css"><link rel="stylesheet" type="text/css" href="https://d3rzy2hoo29vi.cloudfront.net/builds/production/2.11.11/fc1afc28/superstore-mkt/superstore-mkt-bundle.css"><script>

var ready = function () {

	// If the body element and elements of interest exist
	if (document.body && document.querySelector('.menu-bar__navigation')) {
		console.log("Nav detected.");
            
// Your CSS as text
var styles = 'button[data-code="seasonal-shop"]{display:none!important;}';     

var styleSheet = document.createElement("style");
styleSheet.type = "text/css";
styleSheet.innerText = styles;
document.head.appendChild(styleSheet);
      
      
		// Return so that we don't call requestAnimationFrame() again
		return;
	}

	// If the body element isn't found, run ready() again at the next pain
	window.requestAnimationFrame(ready);
};

// Initialize our ready() function
window.requestAnimationFrame(ready);
</script><script>
//Comment here
window.Flickerlessly=window.Flickerlessly||{},function(t){"use strict";var i=function(t,n,a,o){var i="atNodeInserted"+t,r=[],e=["","-moz-","-webkit-","-ms-","-o-"];e.forEach(function(t,e){r.push("@"+t+"keyframes "+i+" {from {opacity:0.99} to {opacity:1}}")}),r.push(n+"{"),e.forEach(function(t,e){r.push(t+"animation-duration:0.001s;"+t+"animation-name:"+i+";")}),r.push("}");var s=document.getElementsByTagName("head")[0];if(s){var c=document.createElement("style");c.setAttribute("type","text/css"),c.styleSheet?c.styleSheet.cssText=r.join("\n"):c.appendChild(document.createTextNode(r.join("\n"))),s.insertBefore(c,s.firstChild)}var l=function(t){if(t.animationName===i&&"object"==typeof t.target){var e=!0===o||!1===o&&null===t.target.getAttribute("data-flk-success");u("('"+n+"') ready! Execute: "+e,t.target),"function"==typeof a&&e?(t.target.setAttribute("data-flk-success",i),a(t.target,u)):u("Won't Callback",e,a)}};["animationstart","MSAnimationStart","webkitAnimationStart"].forEach(function(t,e){document.addEventListener(t,l,!1)})},u=function(){Array.prototype.unshift.call(arguments,"FLK:"),console.info.apply(this,arguments)},r=Math.floor(1e3*Math.random()+1);t.onReady=function(){for(var t=0;t<arguments.length;t++){var e=arguments[t],n=e.selector,a=e.success||null,o=e.persist||!1;i(r++,n,a,o)}}}(Flickerlessly);
Flickerlessly.onReady({
    selector: '.cms-share',
	success: function(el, log){

	console.log("Test page detected.");
      
    var theMain = document.getElementById("site-content");
    var talkableDiv = document.createElement("div")
    talkableDiv.id = "talkable-offer";  
    theMain.prepend(talkableDiv);  
    
     window._talkableq = window._talkableq || [];
  _talkableq.push(['init', { site_id: "superstore" }]);

  window._talkableq.push(['authenticate_customer', {
    email: '', // Optional, pass when available. Example: 'customer@example.com'
    first_name: '', // Optional, pass when available. Example: 'John'
    last_name: '', // Optional, pass when available. Example: 'Smith'
    traffic_source: '' // The source of the traffic driven to the campaign. Example: 'facebook'
  }]);

  window._talkableq.push(['register_affiliate', {}]);
      
  var scriptToAdd = document.createElement("script");
  scriptToAdd.type = "text/javascript";
  scriptToAdd.src = "//d2jjzw81hqbuqv.cloudfront.net/integration/clients/superstore-v4.min.js";
      
  document.head.appendChild(scriptToAdd);    
      
      
}});
</script><script src="https://googleads.g.doubleclick.net/pagead/viewthroughconversion/940077244/?random=1624139685175&amp;cv=9&amp;fst=1624139685175&amp;num=1&amp;guid=ON&amp;resp=GooglemKTybQhCsO&amp;eid=2505059650&amp;u_h=600&amp;u_w=800&amp;u_ah=600&amp;u_aw=800&amp;u_cd=24&amp;u_his=2&amp;u_tz=0&amp;u_java=false&amp;u_nplug=0&amp;u_nmime=0&amp;sendb=1&amp;ig=1&amp;frm=0&amp;url=https%3A%2F%2Fwww.realcanadiansuperstore.ca%2Fsearch%3Fsearch-bar%3Dapple&amp;tiba=Real%20Canadian%20Superstore%20Supermarket%20%7C%20Grocery%20shop%20online%20or%20instore&amp;hn=www.googleadservices.com&amp;rfmt=3&amp;fmt=4"></script><script charset="utf-8" src="https://d3rzy2hoo29vi.cloudfront.net/builds/production/2.11.11/fc1afc28/superstore-mkt/i18n-en_app.bundle.js"></script><script charset="utf-8" src="https://d3rzy2hoo29vi.cloudfront.net/builds/production/2.11.11/fc1afc28/superstore-mkt/i18n-fr_app.bundle.js"></script><style type="text/css" id="kampyleStyle">.noOutline{outline: none !important;}.wcagOutline:focus{outline: 1px dashed #595959 !important;outline-offset: 2px !important;transition: none !important;}</style><link rel="stylesheet" type="text/css" href="https://d3rzy2hoo29vi.cloudfront.net/builds/production/2.11.11/fc1afc28/superstore-mkt/site-layout_app.bundle.css"><script charset="utf-8" src="https://d3rzy2hoo29vi.cloudfront.net/builds/production/2.11.11/fc1afc28/superstore-mkt/site-layout_app.bundle.js"></script><style data-jss="" data-meta="MuiSvgIcon">
.MuiSvgIcon-root {
  fill: currentColor;
  width: 1em;
  height: 1em;
  display: inline-block;
  font-size: 1.5rem;
  transition: fill 200ms cubic-bezier(0.4, 0, 0.2, 1) 0ms;
  flex-shrink: 0;
  user-select: none;
}
.MuiSvgIcon-colorPrimary {
  color: #3f51b5;
}
.MuiSvgIcon-colorSecondary {
  color: #f50057;
}
.MuiSvgIcon-colorAction {
  color: rgba(0, 0, 0, 0.54);
}
.MuiSvgIcon-colorError {
  color: #f44336;
}
.MuiSvgIcon-colorDisabled {
  color: rgba(0, 0, 0, 0.26);
}
.MuiSvgIcon-fontSizeInherit {
  font-size: inherit;
}
.MuiSvgIcon-fontSizeSmall {
  font-size: 1.25rem;
}
.MuiSvgIcon-fontSizeLarge {
  font-size: 2.1875rem;
}
</style><link rel="stylesheet" type="text/css" href="https://d3rzy2hoo29vi.cloudfront.net/builds/production/2.11.11/fc1afc28/superstore-mkt/34_app.bundle.css"><script charset="utf-8" src="https://d3rzy2hoo29vi.cloudfront.net/builds/production/2.11.11/fc1afc28/superstore-mkt/34_app.bundle.js"></script><link rel="stylesheet" type="text/css" href="https://d3rzy2hoo29vi.cloudfront.net/builds/production/2.11.11/fc1afc28/superstore-mkt/default~all-deals~item-view~product-list~pure-collection~search~224618e0_app.bundle.css"><script charset="utf-8" src="https://d3rzy2hoo29vi.cloudfront.net/builds/production/2.11.11/fc1afc28/superstore-mkt/default~all-deals~item-view~product-list~pure-collection~search~224618e0_app.bundle.js"></script><link rel="stylesheet" type="text/css" href="https://d3rzy2hoo29vi.cloudfront.net/builds/production/2.11.11/fc1afc28/superstore-mkt/search_app.bundle.css"><script charset="utf-8" src="https://d3rzy2hoo29vi.cloudfront.net/builds/production/2.11.11/fc1afc28/superstore-mkt/search_app.bundle.js"></script><link rel="stylesheet" type="text/css" href="https://d3rzy2hoo29vi.cloudfront.net/builds/production/2.11.11/fc1afc28/superstore-mkt/38_app.bundle.css"><script charset="utf-8" src="https://d3rzy2hoo29vi.cloudfront.net/builds/production/2.11.11/fc1afc28/superstore-mkt/38_app.bundle.js"></script><link rel="canonical" href="https://www.realcanadiansuperstore.ca/search" data-react-helmet="true"><meta name="description" content="" data-react-helmet="true"><script type="application/ld+json" data-react-helmet="true">{
  "@context": "https://schema.org",
  "@type": "WebSite",
  "url": "https://www.realcanadiansuperstore.ca/",
  "name": "realcanadiansuperstore",
  "potentialAction": {
    "@type": "SearchAction",
    "target": "https://www.realcanadiansuperstore.ca/search?search-bar={search_term_string}",
    "query-input": "required name=search_term_string"
  }
}</script><meta http-equiv="origin-trial" content="AwT1b8oq50zre+sKn5NsGOAlmHkKIV1dYwqfiDFRF61tCS1l0Wg/jqJejtPhHcv0uVFTSeLP0QQS4bf1KjGMpgwAAACKeyJvcmlnaW4iOiJodHRwczovL2dvb2dsZXRhZ21hbmFnZXIuY29tOjQ0MyIsImZlYXR1cmUiOiJDb252ZXJzaW9uTWVhc3VyZW1lbnQiLCJleHBpcnkiOjE2MjYyMjA3OTksImlzU3ViZG9tYWluIjp0cnVlLCJpc1RoaXJkUGFydHkiOnRydWV9"><script src="https://assets.adobedtm.com/cd992ce44810/43390c5e2164/fc111372dcad/RCf6aa7b95afcd43e68a07eb0864564c58-source.min.js" async=""></script><script src="https://bat.bing.com/p/action/14003605.js" type="text/javascript" async=""></script><script src="https://bat.bing.com/p/action/5129763.js" type="text/javascript" async=""></script><script charset="utf-8" src="https://analytics.tiktok.com/i18n/pixel/identify.js"></script><style>.sl-push-banner-1-animation-show {
  -webkit-animation-name: bannerShow1;
  animation-name: bannerShow1;
  -webkit-animation-duration: 0.3s;
  animation-duration: 0.3s;
  animation-fill-mode: forwards; }

.sl-push-banner-1-animation-hide {
  -webkit-animation-name: bannerHide1;
  animation-name: bannerHide1;
  -webkit-animation-duration: 0.3s;
  animation-duration: 0.3s;
  animation-fill-mode: forwards; }

.sl-push-banner-2-animation-show {
  -webkit-animation-name: bannerShow2;
  animation-name: bannerShow2;
  -webkit-animation-duration: 0.3s;
  animation-duration: 0.3s;
  animation-fill-mode: forwards; }

.sl-push-banner-2-animation-hide {
  -webkit-animation-name: bannerHide2;
  animation-name: bannerHide2;
  -webkit-animation-duration: 0.3s;
  animation-duration: 0.3s;
  animation-fill-mode: forwards; }

.sl-push-banner-3-animation-show {
  -webkit-animation-name: bannerShow3;
  animation-name: bannerShow3;
  -webkit-animation-duration: 0.3s;
  animation-duration: 0.3s;
  animation-fill-mode: forwards; }

.sl-push-banner-3-animation-hide {
  -webkit-animation-name: bannerHide3;
  animation-name: bannerHide3;
  -webkit-animation-duration: 0.3s;
  animation-duration: 0.3s;
  animation-fill-mode: forwards; }

.sl-push-banner-4-animation-show {
  -webkit-animation-name: bannerShow4;
  animation-name: bannerShow4;
  -webkit-animation-duration: 0.3s;
  animation-duration: 0.3s;
  animation-fill-mode: forwards; }

.sl-push-banner-4-animation-hide {
  -webkit-animation-name: bannerHide4;
  animation-name: bannerHide4;
  -webkit-animation-duration: 0.3s;
  animation-duration: 0.3s;
  animation-fill-mode: forwards; }

.sl-push-banner-5-animation-show {
  -webkit-animation-name: bannerShow5;
  animation-name: bannerShow5;
  -webkit-animation-duration: 0.3s;
  animation-duration: 0.3s;
  animation-fill-mode: forwards; }

.sl-push-banner-5-animation-hide {
  -webkit-animation-name: bannerHide5;
  animation-name: bannerHide5;
  -webkit-animation-duration: 0.3s;
  animation-duration: 0.3s;
  animation-fill-mode: forwards; }

.sl-push-banner-6-animation-show {
  -webkit-animation-name: bannerShow6;
  animation-name: bannerShow6;
  -webkit-animation-duration: 0.3s;
  animation-duration: 0.3s;
  animation-fill-mode: forwards; }

.sl-push-banner-6-animation-hide {
  -webkit-animation-name: bannerHide6;
  animation-name: bannerHide6;
  -webkit-animation-duration: 0.3s;
  animation-duration: 0.3s;
  animation-fill-mode: forwards; }

/* Push effect animations */
@keyframes bannerShow1 {
  from {
    padding-top: 0; }
  to {
    padding-top: 70px; } }

@-webkit-keyframes bannerShow1 {
  from {
    padding-top: 0; }
  to {
    padding-top: 70px; } }

@keyframes bannerHide1 {
  from {
    padding-top: 70px; }
  to {
    padding-top: 0; } }

@-webkit-keyframes bannerHide1 {
  from {
    padding-top: 70px; }
  to {
    padding-top: 0; } }

@keyframes bannerShow2 {
  from {
    padding-top: 0; }
  to {
    padding-top: 90px; } }

@-webkit-keyframes bannerShow2 {
  from {
    padding-top: 0; }
  to {
    padding-top: 90px; } }

@keyframes bannerHide2 {
  from {
    padding-top: 90px; }
  to {
    padding-top: 0; } }

@-webkit-keyframes bannerHide2 {
  from {
    padding-top: 90px; }
  to {
    padding-top: 0; } }

@keyframes bannerShow3 {
  from {
    padding-top: 0; }
  to {
    padding-top: 110px; } }

@-webkit-keyframes bannerShow3 {
  from {
    padding-top: 0; }
  to {
    padding-top: 110px; } }

@keyframes bannerHide3 {
  from {
    padding-top: 110px; }
  to {
    padding-top: 0; } }

@-webkit-keyframes bannerHide3 {
  from {
    padding-top: 110px; }
  to {
    padding-top: 0; } }

@keyframes bannerShow4 {
  from {
    padding-top: 0; }
  to {
    padding-top: 130px; } }

@-webkit-keyframes bannerShow4 {
  from {
    padding-top: 0; }
  to {
    padding-top: 130px; } }

@keyframes bannerHide4 {
  from {
    padding-top: 130px; }
  to {
    padding-top: 0; } }

@-webkit-keyframes bannerHide4 {
  from {
    padding-top: 130px; }
  to {
    padding-top: 0; } }

@keyframes bannerShow5 {
  from {
    padding-top: 0; }
  to {
    padding-top: 150px; } }

@-webkit-keyframes bannerShow5 {
  from {
    padding-top: 0; }
  to {
    padding-top: 150px; } }

@keyframes bannerHide5 {
  from {
    padding-top: 150px; }
  to {
    padding-top: 0; } }

@-webkit-keyframes bannerHide5 {
  from {
    padding-top: 150px; }
  to {
    padding-top: 0; } }

@keyframes bannerShow6 {
  from {
    padding-top: 0; }
  to {
    padding-top: 170px; } }

@-webkit-keyframes bannerShow6 {
  from {
    padding-top: 0; }
  to {
    padding-top: 170px; } }

@keyframes bannerHide6 {
  from {
    padding-top: 170px; }
  to {
    padding-top: 0; } }

@-webkit-keyframes bannerHide6 {
  from {
    padding-top: 170px; }
  to {
    padding-top: 0; } }

.sl-push-bar-1-animation-show {
  -webkit-animation-name: barShow1;
  animation-name: barShow1;
  -webkit-animation-duration: 0.3s;
  animation-duration: 0.3s;
  animation-fill-mode: forwards; }

.sl-push-bar-1-animation-hide {
  -webkit-animation-name: barHide1;
  animation-name: barHide1;
  -webkit-animation-duration: 0.3s;
  animation-duration: 0.3s;
  animation-fill-mode: forwards; }

.sl-push-bar-2-animation-show {
  -webkit-animation-name: barShow2;
  animation-name: barShow2;
  -webkit-animation-duration: 0.3s;
  animation-duration: 0.3s;
  animation-fill-mode: forwards; }

.sl-push-bar-2-animation-hide {
  -webkit-animation-name: barHide2;
  animation-name: barHide2;
  -webkit-animation-duration: 0.3s;
  animation-duration: 0.3s;
  animation-fill-mode: forwards; }

.sl-push-bar-3-animation-show {
  -webkit-animation-name: barShow3;
  animation-name: barShow3;
  -webkit-animation-duration: 0.3s;
  animation-duration: 0.3s;
  animation-fill-mode: forwards; }

.sl-push-bar-3-animation-hide {
  -webkit-animation-name: barHide3;
  animation-name: barHide3;
  -webkit-animation-duration: 0.3s;
  animation-duration: 0.3s;
  animation-fill-mode: forwards; }

.sl-push-bar-4-animation-show {
  -webkit-animation-name: barShow4;
  animation-name: barShow4;
  -webkit-animation-duration: 0.3s;
  animation-duration: 0.3s;
  animation-fill-mode: forwards; }

.sl-push-bar-4-animation-hide {
  -webkit-animation-name: barHide4;
  animation-name: barHide4;
  -webkit-animation-duration: 0.3s;
  animation-duration: 0.3s;
  animation-fill-mode: forwards; }

.sl-push-bar-5-animation-show {
  -webkit-animation-name: barShow5;
  animation-name: barShow5;
  -webkit-animation-duration: 0.3s;
  animation-duration: 0.3s;
  animation-fill-mode: forwards; }

.sl-push-bar-5-animation-hide {
  -webkit-animation-name: barHide5;
  animation-name: barHide5;
  -webkit-animation-duration: 0.3s;
  animation-duration: 0.3s;
  animation-fill-mode: forwards; }

.sl-push-bar-6-animation-show {
  -webkit-animation-name: barShow6;
  animation-name: barShow6;
  -webkit-animation-duration: 0.3s;
  animation-duration: 0.3s;
  animation-fill-mode: forwards; }

.sl-push-bar-6-animation-hide {
  -webkit-animation-name: barHide6;
  animation-name: barHide6;
  -webkit-animation-duration: 0.3s;
  animation-duration: 0.3s;
  animation-fill-mode: forwards; }

/* Push effect animations */
@keyframes barShow1 {
  from {
    padding-top: 0; }
  to {
    padding-top: 200px; } }

@-webkit-keyframes barShow1 {
  from {
    padding-top: 0; }
  to {
    padding-top: 200px; } }

@keyframes barHide1 {
  from {
    padding-top: 200px; }
  to {
    padding-top: 0; } }

@-webkit-keyframes barHide1 {
  from {
    padding-top: 200px; }
  to {
    padding-top: 0; } }

@keyframes barShow2 {
  from {
    padding-top: 0; }
  to {
    padding-top: 90px; } }

@-webkit-keyframes barShow2 {
  from {
    padding-top: 0; }
  to {
    padding-top: 90px; } }

@keyframes barHide2 {
  from {
    padding-top: 90px; }
  to {
    padding-top: 0; } }

@-webkit-keyframes barHide2 {
  from {
    padding-top: 90px; }
  to {
    padding-top: 0; } }

@keyframes barShow3 {
  from {
    padding-top: 0; }
  to {
    padding-top: 110px; } }

@-webkit-keyframes barShow3 {
  from {
    padding-top: 0; }
  to {
    padding-top: 110px; } }

@keyframes barHide3 {
  from {
    padding-top: 110px; }
  to {
    padding-top: 0; } }

@-webkit-keyframes barHide3 {
  from {
    padding-top: 110px; }
  to {
    padding-top: 0; } }

@keyframes barShow4 {
  from {
    padding-top: 0; }
  to {
    padding-top: 130px; } }

@-webkit-keyframes barShow4 {
  from {
    padding-top: 0; }
  to {
    padding-top: 130px; } }

@keyframes barHide4 {
  from {
    padding-top: 130px; }
  to {
    padding-top: 0; } }

@-webkit-keyframes barHide4 {
  from {
    padding-top: 130px; }
  to {
    padding-top: 0; } }

@keyframes barShow5 {
  from {
    padding-top: 0; }
  to {
    padding-top: 150px; } }

@-webkit-keyframes barShow5 {
  from {
    padding-top: 0; }
  to {
    padding-top: 150px; } }

@keyframes barHide5 {
  from {
    padding-top: 150px; }
  to {
    padding-top: 0; } }

@-webkit-keyframes barHide5 {
  from {
    padding-top: 150px; }
  to {
    padding-top: 0; } }

@keyframes barShow6 {
  from {
    padding-top: 0; }
  to {
    padding-top: 170px; } }

@-webkit-keyframes barShow6 {
  from {
    padding-top: 0; }
  to {
    padding-top: 170px; } }

@keyframes barHide6 {
  from {
    padding-top: 170px; }
  to {
    padding-top: 0; } }

@-webkit-keyframes barHide6 {
  from {
    padding-top: 170px; }
  to {
    padding-top: 0; } }

.sl-video-container {
  width: 100%;
  height: 100%;
  border: none;
  box-sizing: border-box;
  position: fixed;
  top: 0;
  left: 0;
  z-index: 9999999999; }

@keyframes showShading {
  from {
    opacity: 0; }
  to {
    opacity: 1; } }

@-webkit-keyframes showShading {
  from {
    opacity: 0; }
  to {
    opacity: 1; } }

@keyframes hideShading {
  from {
    opacity: 1; }
  to {
    opacity: 0; } }

@-webkit-keyframes hideShading {
  from {
    opacity: 1; }
  to {
    opacity: 0; } }

.sl-dev-label {
  position: fixed;
  bottom: 0;
  right: 0;
  font-family: Arial, sans-serif;
  font-size: 14px;
  padding: 4px;
  background-color: rgba(255, 82, 0, 0.87);
  border-top-left-radius: 4px;
  color: #FFF; }

.sl-active-node-hand {
  cursor: pointer; }

#slContainer {
  position: absolute !important;
  width: 100% !important;
  left: 0 !important;
  top: 0 !important;
  box-sizing: border-box;
  border: none;
  z-index: 999999999; }
  #slContainer .sl-views-wrapper {
    z-index: 999999999;
    position: absolute !important;
    width: 100% !important;
    height: 0;
    left: 0 !important;
    top: 0 !important;
    box-sizing: border-box;
    border: none; }
    #slContainer .sl-views-wrapper .sl-frame-component {
      top: 0;
      left: 0;
      right: 0;
      bottom: 0;
      margin: auto;
      position: fixed;
      z-index: 999999999999;
      resize: none;
      overflow: visible;
      max-width: none;
      max-height: none;
      border-radius: 0;
      opacity: 0;
      display: none;
      border: none;
      width: 0;
      height: 0; }
      #slContainer .sl-views-wrapper .sl-frame-component.sl-shade-show .sl-item-background-shade {
        display: block;
        -webkit-animation-name: showShading;
        animation-name: showShading;
        -webkit-animation-duration: 0.5s;
        animation-duration: 0.5s;
        animation-fill-mode: forwards; }
      #slContainer .sl-views-wrapper .sl-frame-component.sl-shade-hide .sl-item-background-shade {
        display: block;
        -webkit-animation-name: hideShading;
        animation-name: hideShading;
        -webkit-animation-duration: 0.5s;
        animation-duration: 0.5s;
        animation-fill-mode: forwards; }
      #slContainer .sl-views-wrapper .sl-frame-component .sl-item-background-shade {
        display: none;
        position: fixed;
        top: 0;
        left: 0;
        width: 100%;
        height: 100%;
        background-color: rgba(0, 0, 0, 0.35); }
      #slContainer .sl-views-wrapper .sl-frame-component .sl-frame {
        display: block;
        position: relative;
        opacity: 1;
        width: 100%;
        height: 100%;
        border: none;
        z-index: 1;
        margin: 0;
        padding: 0;
        max-width: 100%;
        max-height: 100%;
        min-height: unset;
        min-width: unset; }

/* POPUP SHOW */
@keyframes showPopup {
  from {
    opacity: 0;
    -webkit-transform: scale(0.7);
    -moz-transform: scale(0.7);
    -o-transform: scale(0.7);
    transform: scale(0.7);
    -webkit-transform-origin: top bottom;
    -moz-transform-origin: top bottom;
    -o-transform-origin: top bottom;
    transform-origin: top bottom; }
  to {
    opacity: 1;
    -webkit-transform: scale(1);
    -moz-transform: scale(1);
    -o-transform: scale(1);
    transform: scale(1);
    -webkit-transform-origin: top bottom;
    -moz-transform-origin: top bottom;
    -o-transform-origin: top bottom;
    transform-origin: top bottom; } }

@-webkit-keyframes showPopup {
  from {
    opacity: 0;
    -webkit-transform: scale(0.7);
    -moz-transform: scale(0.7);
    -o-transform: scale(0.7);
    transform: scale(0.7);
    -webkit-transform-origin: top bottom;
    -moz-transform-origin: top bottom;
    -o-transform-origin: top bottom;
    transform-origin: top bottom; }
  to {
    opacity: 1;
    -webkit-transform: scale(1);
    -moz-transform: scale(1);
    -o-transform: scale(1);
    transform: scale(1);
    -webkit-transform-origin: top bottom;
    -moz-transform-origin: top bottom;
    -o-transform-origin: top bottom;
    transform-origin: top bottom; } }

@keyframes hidePopup {
  from {
    -webkit-transform: scale(1);
    -moz-transform: scale(1);
    -o-transform: scale(1);
    transform: scale(1);
    -webkit-transform-origin: top bottom;
    -moz-transform-origin: top bottom;
    -o-transform-origin: top bottom;
    transform-origin: top bottom;
    opacity: 1; }
  to {
    -webkit-transform: scale(0.6);
    -moz-transform: scale(0.6);
    -o-transform: scale(0.6);
    transform: scale(0.6);
    -webkit-transform-origin: top bottom;
    -moz-transform-origin: top bottom;
    -o-transform-origin: top bottom;
    transform-origin: top bottom;
    opacity: 0; } }

@-webkit-keyframes hidePopup {
  from {
    -webkit-transform: scale(1);
    -moz-transform: scale(1);
    -o-transform: scale(1);
    transform: scale(1);
    -webkit-transform-origin: top bottom;
    -moz-transform-origin: top bottom;
    -o-transform-origin: top bottom;
    transform-origin: top bottom;
    opacity: 1; }
  to {
    -webkit-transform: scale(0.6);
    -moz-transform: scale(0.6);
    -o-transform: scale(0.6);
    transform: scale(0.6);
    -webkit-transform-origin: top bottom;
    -moz-transform-origin: top bottom;
    -o-transform-origin: top bottom;
    transform-origin: top bottom;
    opacity: 0; } }

/* Mobile styles */
@media (max-width: 450px) {
  #slContainer .sl-views-wrapper .sl-popup {
    top: 0;
    right: 0;
    margin: auto;
    border: none;
    opacity: 1;
    resize: none;
    position: fixed;
    display: block;
    overflow: auto;
    max-width: none;
    max-height: none;
    min-height: 100%;
    z-index: 9999999999999;
    width: 100% !important;
    height: 100% !important;
    box-shadow: rgba(0, 0, 0, 0.15) 0 0 15px 3px;
    -webkit-overflow-scrolling: touch !important;
    overflow-y: scroll !important; }
    #slContainer .sl-views-wrapper .sl-popup .sl-frame {
      display: block;
      position: static;
      opacity: 1;
      width: 100%;
      height: 100%;
      border: none; }
    #slContainer .sl-views-wrapper .sl-popup .sl-item-background-shade {
      z-index: -1; } }

#slContainer .sl-views-wrapper
.sl-frame-component.sl-popup {
  display: block;
  opacity: 1; }
  #slContainer .sl-views-wrapper
.sl-frame-component.sl-popup.sl-show-animation .sl-frame {
    -webkit-animation-name: showPopup;
    animation-name: showPopup;
    -webkit-animation-duration: 0.3s;
    animation-duration: 0.3s;
    animation-fill-mode: forwards; }
  #slContainer .sl-views-wrapper
.sl-frame-component.sl-popup.sl-hide-animation .sl-frame {
    -webkit-animation-name: hidePopup;
    animation-name: hidePopup;
    -webkit-animation-duration: 0.3s;
    animation-duration: 0.3s;
    animation-fill-mode: forwards; }

@keyframes showNotification {
  from {
    right: -500px; }
  to {
    right: 0px; } }

@-webkit-keyframes showNotification {
  from {
    right: -500px; }
  to {
    right: 0px; } }

@keyframes hideNotification {
  from {
    right: 0px; }
  to {
    right: -500px; } }

@-webkit-keyframes hideNotification {
  from {
    right: 0px; }
  to {
    right: -500px; } }

#slContainer .sl-views-wrapper
.sl-frame-component.sl-notification {
  display: block;
  opacity: 1;
  left: auto;
  width: 100%; }
  #slContainer .sl-views-wrapper
.sl-frame-component.sl-notification.sl-position-top {
    top: 0;
    bottom: auto; }
  #slContainer .sl-views-wrapper
.sl-frame-component.sl-notification.sl-position-bottom {
    top: auto;
    bottom: 0; }
  #slContainer .sl-views-wrapper
.sl-frame-component.sl-notification.sl-show-animation {
    -webkit-animation-name: showNotification;
    animation-name: showNotification;
    -webkit-animation-duration: 0.3s;
    animation-duration: 0.3s;
    animation-fill-mode: forwards; }
  #slContainer .sl-views-wrapper
.sl-frame-component.sl-notification.sl-hide-animation {
    -webkit-animation-name: hideNotification;
    animation-name: hideNotification;
    -webkit-animation-duration: 0.4s;
    animation-duration: 0.4s;
    animation-fill-mode: forwards; }

@keyframes showSlideoutRight {
  from {
    right: -700px; }
  to {
    right: 0; } }

@-webkit-keyframes showSlideoutRight {
  from {
    right: -700px; }
  to {
    right: 0; } }

@keyframes showSlideoutLeft {
  from {
    left: -700px; }
  to {
    left: 0; } }

@-webkit-keyframes showSlideoutLeft {
  from {
    left: -700px; }
  to {
    left: 0; } }

/* SLIDEOUT HIDE */
@keyframes hideSlideoutRight {
  from {
    right: 0; }
  to {
    right: -700px; } }

@-webkit-keyframes hideSlideoutRight {
  from {
    right: 0; }
  to {
    right: -700px; } }

@keyframes hideSlideoutLeft {
  from {
    left: 0; }
  to {
    left: -700px; } }

@-webkit-keyframes hideSlideoutLeft {
  from {
    left: 0; }
  to {
    left: -700px; } }

@media (max-width: 450px) {
  .sl-slideout {
    width: 100% !important;
    -webkit-overflow-scrolling: touch !important;
    overflow-y: scroll !important;
    min-height: 100%;
    max-width: none;
    box-shadow: none; }
    .sl-slideout .sl-frame {
      box-shadow: 0 0 15px 3px rgba(0, 0, 0, 0.15); }
    .sl-slideout.sl-position-left {
      padding-right: 20px;
      box-sizing: border-box; }
    .sl-slideout.sl-position-right {
      padding-left: 20px;
      box-sizing: border-box; } }

#slContainer .sl-views-wrapper
.sl-frame-component.sl-slideout {
  box-shadow: 0 0 15px 3px rgba(0, 0, 0, 0.15);
  display: block;
  opacity: 1; }
  #slContainer .sl-views-wrapper
.sl-frame-component.sl-slideout.sl-position-left {
    right: auto; }
    #slContainer .sl-views-wrapper
.sl-frame-component.sl-slideout.sl-position-left.sl-show-animation {
      -webkit-animation-name: showSlideoutLeft;
      animation-name: showSlideoutLeft;
      -webkit-animation-duration: 0.3s;
      animation-duration: 0.3s;
      animation-fill-mode: forwards; }
    #slContainer .sl-views-wrapper
.sl-frame-component.sl-slideout.sl-position-left.sl-hide-animation {
      -webkit-animation-name: hideSlideoutLeft;
      animation-name: hideSlideoutLeft;
      -webkit-animation-duration: 0.4s;
      animation-duration: 0.4s;
      animation-fill-mode: forwards; }
  #slContainer .sl-views-wrapper
.sl-frame-component.sl-slideout.sl-position-right {
    left: auto; }
    #slContainer .sl-views-wrapper
.sl-frame-component.sl-slideout.sl-position-right.sl-show-animation {
      -webkit-animation-name: showSlideoutRight;
      animation-name: showSlideoutRight;
      -webkit-animation-duration: 0.3s;
      animation-duration: 0.3s;
      animation-fill-mode: forwards; }
    #slContainer .sl-views-wrapper
.sl-frame-component.sl-slideout.sl-position-right.sl-hide-animation {
      -webkit-animation-name: hideSlideoutRight;
      animation-name: hideSlideoutRight;
      -webkit-animation-duration: 0.4s;
      animation-duration: 0.4s;
      animation-fill-mode: forwards; }

@keyframes showBannerTop {
  from {
    top: -200px; }
  to {
    top: 0; } }

@-webkit-keyframes showBannerTop {
  from {
    top: -200px; }
  to {
    top: 0; } }

@keyframes showBannerBottom {
  from {
    bottom: -200px; }
  to {
    bottom: 0; } }

@-webkit-keyframes showBannerBottom {
  from {
    bottom: -200px; }
  to {
    bottom: 0; } }

@keyframes hideBannerTop {
  from {
    top: 0; }
  to {
    top: -200px; } }

@-webkit-keyframes hideBannerTop {
  from {
    top: 0; }
  to {
    top: -200px; } }

@keyframes hideBannerBottom {
  from {
    bottom: 0; }
  to {
    bottom: -200px; } }

@-webkit-keyframes hideBannerBottom {
  from {
    bottom: 0; }
  to {
    bottom: -200px; } }

@keyframes mobileShowBannerTop {
  from {
    top: -100%; }
  to {
    top: 0; } }

@-webkit-keyframes mobileShowBannerTop {
  from {
    top: -100%; }
  to {
    top: 0; } }

@keyframes mobileShowBannerBottom {
  from {
    bottom: -100%; }
  to {
    bottom: 0; } }

@-webkit-keyframes mobileShowBannerBottom {
  from {
    bottom: -100%; }
  to {
    bottom: 0; } }

@keyframes mobileHideBannerTop {
  from {
    top: 0; }
  to {
    top: -100%; } }

@-webkit-keyframes mobileHideBannerTop {
  from {
    top: 0; }
  to {
    top: -100%; } }

@keyframes mobileHideBannerBottom {
  from {
    bottom: 0; }
  to {
    bottom: -100%; } }

@-webkit-keyframes mobileHideBannerBottom {
  from {
    bottom: 0; }
  to {
    bottom: -100%; } }

#slContainer .sl-views-wrapper
.sl-frame-component.sl-banner {
  height: 100%;
  display: block;
  opacity: 1; }
  #slContainer .sl-views-wrapper
.sl-frame-component.sl-banner.sl-position-top {
    top: 0;
    bottom: auto; }
    #slContainer .sl-views-wrapper
.sl-frame-component.sl-banner.sl-position-top.sl-push-show {
      position: absolute; }
    #slContainer .sl-views-wrapper
.sl-frame-component.sl-banner.sl-position-top.sl-show-animation {
      -webkit-animation-name: showBannerTop;
      animation-name: showBannerTop;
      -webkit-animation-duration: 0.3s;
      animation-duration: 0.3s;
      animation-fill-mode: forwards; }
    #slContainer .sl-views-wrapper
.sl-frame-component.sl-banner.sl-position-top.sl-hide-animation {
      -webkit-animation-name: hideBannerTop;
      animation-name: hideBannerTop;
      -webkit-animation-duration: 0.3s;
      animation-duration: 0.3s;
      animation-fill-mode: forwards; }
  #slContainer .sl-views-wrapper
.sl-frame-component.sl-banner.sl-position-bottom {
    top: auto;
    bottom: 0; }
    #slContainer .sl-views-wrapper
.sl-frame-component.sl-banner.sl-position-bottom.sl-show-animation {
      -webkit-animation-name: showBannerBottom;
      animation-name: showBannerBottom;
      -webkit-animation-duration: 0.3s;
      animation-duration: 0.3s;
      animation-fill-mode: forwards; }
    #slContainer .sl-views-wrapper
.sl-frame-component.sl-banner.sl-position-bottom.sl-hide-animation {
      -webkit-animation-name: hideBannerBottom;
      animation-name: hideBannerBottom;
      -webkit-animation-duration: 0.3s;
      animation-duration: 0.3s;
      animation-fill-mode: forwards; }

#slContainer.sl-container-mobile .sl-frame-component.sl-banner.sl-position-top.sl-push-show {
  position: absolute; }

#slContainer.sl-container-mobile .sl-frame-component.sl-banner.sl-position-top.sl-show-animation {
  -webkit-animation-name: mobileShowBannerTop;
  animation-name: mobileShowBannerTop;
  -webkit-animation-duration: 0.3s;
  animation-duration: 0.3s;
  animation-fill-mode: forwards; }

#slContainer.sl-container-mobile .sl-frame-component.sl-banner.sl-position-top.sl-hide-animation {
  -webkit-animation-name: mobileHideBannerTop;
  animation-name: mobileHideBannerTop;
  -webkit-animation-duration: 0.3s;
  animation-duration: 0.3s;
  animation-fill-mode: forwards; }

#slContainer.sl-container-mobile .sl-frame-component.sl-banner.sl-position-bottom {
  top: auto;
  bottom: 0; }
  #slContainer.sl-container-mobile .sl-frame-component.sl-banner.sl-position-bottom.sl-show-animation {
    -webkit-animation-name: mobileShowBannerBottom;
    animation-name: mobileShowBannerBottom;
    -webkit-animation-duration: 0.3s;
    animation-duration: 0.3s;
    animation-fill-mode: forwards; }
  #slContainer.sl-container-mobile .sl-frame-component.sl-banner.sl-position-bottom.sl-hide-animation {
    -webkit-animation-name: mobileHideBannerBottom;
    animation-name: mobileHideBannerBottom;
    -webkit-animation-duration: 0.3s;
    animation-duration: 0.3s;
    animation-fill-mode: forwards; }

@keyframes showBarTop {
  from {
    top: -700px; }
  to {
    top: 0; } }

@-webkit-keyframes showBarTop {
  from {
    top: -700px; }
  to {
    top: 0; } }

@keyframes showBarBottom {
  from {
    bottom: -700px; }
  to {
    bottom: 0; } }

@-webkit-keyframes showBarBottom {
  from {
    bottom: -700px; }
  to {
    bottom: 0; } }

@keyframes hideBarTop {
  from {
    top: 0; }
  to {
    top: -700px; } }

@-webkit-keyframes hideBarTop {
  from {
    top: 0; }
  to {
    top: -700px; } }

@keyframes hideBarBottom {
  from {
    bottom: 0; }
  to {
    bottom: -700px; } }

@-webkit-keyframes hideBarBottom {
  from {
    bottom: 0; }
  to {
    bottom: -700px; } }

@media (max-width: 600px) {
  #slContainer .sl-views-wrapper
.sl-frame-component.sl-bar {
    top: 0;
    right: 0;
    margin: auto;
    border: none;
    opacity: 1;
    resize: none;
    position: fixed;
    display: block;
    overflow: auto;
    max-width: none;
    max-height: none;
    min-height: 80%;
    z-index: 9999999999999;
    width: 100% !important;
    height: 80% !important;
    box-shadow: rgba(0, 0, 0, 0.15) 0 0 15px 3px;
    -webkit-overflow-scrolling: touch !important;
    overflow-y: scroll !important; }
    #slContainer .sl-views-wrapper
.sl-frame-component.sl-bar .sl-frame {
      display: block;
      position: static;
      opacity: 1;
      width: 100%;
      height: 100%;
      border: none; }
    #slContainer .sl-views-wrapper
.sl-frame-component.sl-bar .sl-item-background-shade {
      z-index: -1; } }

@media (max-width: 600px) and (max-height: 500px) {
  #slContainer .sl-views-wrapper
.sl-frame-component.sl-bar {
    top: 0;
    right: 0;
    margin: auto;
    border: none;
    opacity: 1;
    resize: none;
    position: fixed;
    display: block;
    overflow: auto;
    max-width: none;
    max-height: none;
    min-height: 100%;
    z-index: 9999999999999;
    width: 100% !important;
    height: 100% !important;
    box-shadow: rgba(0, 0, 0, 0.15) 0 0 15px 3px;
    -webkit-overflow-scrolling: touch !important;
    overflow-y: scroll !important; }
    #slContainer .sl-views-wrapper
.sl-frame-component.sl-bar .sl-frame {
      display: block;
      position: static;
      opacity: 1;
      width: 100%;
      height: 100%;
      border: none; } }

#slContainer .sl-views-wrapper
.sl-frame-component.sl-bar {
  display: block;
  opacity: 1;
  box-shadow: 0 0 15px 3px rgba(0, 0, 0, 0.15); }
  #slContainer .sl-views-wrapper
.sl-frame-component.sl-bar.sl-position-top {
    top: 0;
    bottom: auto; }
    #slContainer .sl-views-wrapper
.sl-frame-component.sl-bar.sl-position-top.sl-push-show {
      position: absolute; }
    #slContainer .sl-views-wrapper
.sl-frame-component.sl-bar.sl-position-top.sl-show-animation {
      -webkit-animation-name: showBarTop;
      animation-name: showBarTop;
      -webkit-animation-duration: 0.3s;
      animation-duration: 0.3s;
      animation-fill-mode: forwards; }
    #slContainer .sl-views-wrapper
.sl-frame-component.sl-bar.sl-position-top.sl-hide-animation {
      -webkit-animation-name: hideBarTop;
      animation-name: hideBarTop;
      -webkit-animation-duration: 0.4s;
      animation-duration: 0.4s;
      animation-fill-mode: forwards; }
  #slContainer .sl-views-wrapper
.sl-frame-component.sl-bar.sl-position-bottom {
    top: auto;
    bottom: 0; }
    #slContainer .sl-views-wrapper
.sl-frame-component.sl-bar.sl-position-bottom.sl-show-animation {
      -webkit-animation-name: showBarBottom;
      animation-name: showBarBottom;
      -webkit-animation-duration: 0.3s;
      animation-duration: 0.3s;
      animation-fill-mode: forwards; }
    #slContainer .sl-views-wrapper
.sl-frame-component.sl-bar.sl-position-bottom.sl-hide-animation {
      -webkit-animation-name: hideBarBottom;
      animation-name: hideBarBottom;
      -webkit-animation-duration: 0.4s;
      animation-duration: 0.4s;
      animation-fill-mode: forwards; }

@keyframes showIconAnimation {
  from {
    opacity: 0; }
  to {
    opacity: 1; } }

@-webkit-keyframes showIconAnimation {
  from {
    opacity: 0; }
  to {
    opacity: 1; } }

@keyframes showHotspotAnimationTop {
  from {
    opacity: 0;
    margin-top: -30px;
    display: none; }
  to {
    opacity: 1;
    margin-top: 0;
    display: block; } }

@-webkit-keyframes showHotspotAnimationTop {
  from {
    opacity: 0;
    margin-top: -30px;
    display: none; }
  to {
    opacity: 1;
    margin-top: 0;
    display: block; } }

@keyframes showHotspotAnimationBottom {
  from {
    opacity: 0;
    margin-top: 30px;
    display: none; }
  to {
    opacity: 1;
    margin-top: 0;
    display: block; } }

@-webkit-keyframes showHotspotAnimationBottom {
  from {
    opacity: 0;
    margin-top: 30px;
    display: none; }
  to {
    opacity: 1;
    margin-top: 0;
    display: block; } }

@keyframes hideHotspotAnimationTop {
  from {
    opacity: 1;
    margin-top: 0; }
  to {
    opacity: 0;
    margin-top: -30px; } }

@-webkit-keyframes hideHotspotAnimationTop {
  from {
    opacity: 1;
    margin-top: 0; }
  to {
    opacity: 0;
    margin-top: -30px; } }

@keyframes hideHotspotAnimationBottom {
  from {
    opacity: 1;
    margin-top: 0; }
  to {
    opacity: 0;
    margin-top: 30px; } }

@-webkit-keyframes hideHotspotAnimationBottom {
  from {
    opacity: 1;
    margin-top: 0; }
  to {
    opacity: 0;
    margin-top: 30px; } }

@media (max-width: 450px) {
  .sl-hotspot {
    position: fixed !important;
    top: 0 !important;
    left: 0 !important;
    right: 0 !important;
    bottom: 0 !important;
    margin: auto !important; }
  @keyframes showHotspotAnimationTop {
    from {
      opacity: 0;
      top: -30px;
      margin: auto !important;
      display: none; }
    to {
      opacity: 1;
      top: 0;
      display: block;
      margin: auto !important; } }
  @-webkit-keyframes showHotspotAnimationTop {
    from {
      opacity: 0;
      top: -30px;
      display: none;
      margin: auto !important; }
    to {
      opacity: 1;
      top: 0;
      display: block;
      margin: auto !important; } }
  @keyframes showHotspotAnimationBottom {
    from {
      opacity: 0;
      top: 30px;
      margin: auto !important;
      display: none; }
    to {
      opacity: 1;
      top: 0;
      margin: auto !important;
      display: block; } }
  @-webkit-keyframes showHotspotAnimationBottom {
    from {
      opacity: 0;
      top: 30px;
      display: none;
      margin: auto !important; }
    to {
      opacity: 1;
      margin: auto !important;
      top: 0;
      display: block; } }
  @keyframes hideHotspotAnimationTop {
    from {
      opacity: 1;
      top: 0;
      margin: auto !important; }
    to {
      opacity: 0;
      top: -30px;
      margin: auto !important; } }
  @-webkit-keyframes hideHotspotAnimationTop {
    from {
      opacity: 1;
      margin: auto !important;
      top: 0; }
    to {
      opacity: 0;
      top: -30px;
      margin: auto !important; } }
  @keyframes hideHotspotAnimationBottom {
    from {
      opacity: 1;
      top: 0;
      margin: auto !important; }
    to {
      opacity: 0;
      top: 30px;
      margin: auto !important; } }
  @-webkit-keyframes hideHotspotAnimationBottom {
    from {
      opacity: 1;
      top: 0;
      margin: auto !important; }
    to {
      opacity: 0;
      top: 30px;
      margin: auto !important; } } }

/* Hotspot Icon */
.sl-hp-icon-container {
  width: 0;
  height: 0;
  padding: 0;
  margin: 0;
  position: relative;
  display: block;
  float: left; }
  .sl-hp-icon-container .sl-hp-frame {
    position: absolute;
    margin: auto;
    z-index: 0;
    border: none;
    resize: none;
    overflow: auto;
    box-shadow: none;
    background: transparent;
    opacity: 0;
    display: block;
    border-radius: 4px;
    max-width: none;
    max-height: none;
    width: 12px;
    height: 12px;
    min-width: 16px;
    min-height: 16px;
    -webkit-animation-name: showIconAnimation;
    animation-name: showIconAnimation;
    -webkit-animation-duration: 0.1s;
    animation-duration: 0.1s;
    animation-fill-mode: forwards; }

#slContainer .sl-views-wrapper
.sl-frame-component.sl-hotspot {
  display: block;
  opacity: 1;
  left: auto;
  right: auto;
  bottom: auto;
  top: auto;
  position: absolute;
  border-radius: 4px;
  box-shadow: 0 0 15px 3px rgba(0, 0, 0, 0.15); }
  #slContainer .sl-views-wrapper
.sl-frame-component.sl-hotspot.sl-position-right-bottom, #slContainer .sl-views-wrapper
.sl-frame-component.sl-hotspot.sl-position-left-bottom {
    top: 0;
    bottom: auto; }
    #slContainer .sl-views-wrapper
.sl-frame-component.sl-hotspot.sl-position-right-bottom.sl-show-animation, #slContainer .sl-views-wrapper
.sl-frame-component.sl-hotspot.sl-position-left-bottom.sl-show-animation {
      -webkit-animation-name: showHotspotAnimationBottom;
      animation-name: showHotspotAnimationBottom;
      -webkit-animation-duration: 0.3s;
      animation-duration: 0.3s;
      animation-fill-mode: forwards; }
    #slContainer .sl-views-wrapper
.sl-frame-component.sl-hotspot.sl-position-right-bottom.sl-hide-animation, #slContainer .sl-views-wrapper
.sl-frame-component.sl-hotspot.sl-position-left-bottom.sl-hide-animation {
      -webkit-animation-name: hideHotspotAnimationBottom;
      animation-name: hideHotspotAnimationBottom;
      -webkit-animation-duration: 0.4s;
      animation-duration: 0.4s;
      animation-fill-mode: forwards; }
  #slContainer .sl-views-wrapper
.sl-frame-component.sl-hotspot.sl-position-right-top, #slContainer .sl-views-wrapper
.sl-frame-component.sl-hotspot.sl-position-left-top {
    top: auto;
    bottom: 0; }
    #slContainer .sl-views-wrapper
.sl-frame-component.sl-hotspot.sl-position-right-top.sl-show-animation, #slContainer .sl-views-wrapper
.sl-frame-component.sl-hotspot.sl-position-left-top.sl-show-animation {
      -webkit-animation-name: showHotspotAnimationTop;
      animation-name: showHotspotAnimationTop;
      -webkit-animation-duration: 0.3s;
      animation-duration: 0.3s;
      animation-fill-mode: forwards; }
    #slContainer .sl-views-wrapper
.sl-frame-component.sl-hotspot.sl-position-right-top.sl-hide-animation, #slContainer .sl-views-wrapper
.sl-frame-component.sl-hotspot.sl-position-left-top.sl-hide-animation {
      -webkit-animation-name: hideHotspotAnimationTop;
      animation-name: hideHotspotAnimationTop;
      -webkit-animation-duration: 0.4s;
      animation-duration: 0.4s;
      animation-fill-mode: forwards; }

@keyframes showTooltipTop {
  from {
    opacity: 0;
    margin-top: -30px; }
  to {
    opacity: 1;
    margin-top: 0; } }

@-webkit-keyframes showTooltipTop {
  from {
    opacity: 0;
    margin-top: -30px; }
  to {
    opacity: 1;
    margin-top: 0; } }

@keyframes showTooltipBottom {
  from {
    opacity: 0;
    margin-top: 30px; }
  to {
    opacity: 1;
    margin-top: 0; } }

@-webkit-keyframes showTooltipBottom {
  from {
    opacity: 0;
    margin-top: 30px; }
  to {
    opacity: 1;
    margin-top: 0; } }

@keyframes showTooltipLeft {
  from {
    opacity: 0;
    margin-left: -30px; }
  to {
    opacity: 1;
    margin-left: 0; } }

@-webkit-keyframes showTooltipLeft {
  from {
    opacity: 0;
    margin-left: -30px; }
  to {
    opacity: 1;
    margin-left: 0; } }

@keyframes showTooltipRight {
  from {
    opacity: 0;
    margin-left: 30px; }
  to {
    opacity: 1;
    margin-left: 0; } }

@-webkit-keyframes showTooltipRight {
  from {
    opacity: 0;
    margin-left: 30px; }
  to {
    opacity: 1;
    margin-left: 0; } }

@keyframes hideTooltipTop {
  from {
    opacity: 1;
    margin-top: 0px; }
  to {
    opacity: 0;
    margin-top: -30px; } }

@-webkit-keyframes hideTooltipTop {
  from {
    opacity: 1;
    margin-top: 0; }
  to {
    opacity: 0;
    margin-top: -30px; } }

@keyframes hideTooltipBottom {
  from {
    opacity: 1;
    margin-top: 0px; }
  to {
    opacity: 0;
    margin-top: 30px; } }

@-webkit-keyframes hideTooltipBottom {
  from {
    opacity: 1;
    margin-top: 0; }
  to {
    opacity: 0;
    margin-top: 30px; } }

@keyframes hideTooltipLeft {
  from {
    opacity: 1;
    margin-left: 0px; }
  to {
    opacity: 0;
    margin-left: -30px; } }

@-webkit-keyframes hideTooltipLeft {
  from {
    opacity: 1;
    margin-left: 0; }
  to {
    opacity: 0;
    margin-left: 30px; } }

@keyframes hideTooltipRight {
  from {
    opacity: 1;
    margin-left: 0px; }
  to {
    opacity: 0;
    margin-left: 30px; } }

@-webkit-keyframes hideTooltipRight {
  from {
    opacity: 1;
    margin-left: 0; }
  to {
    opacity: 0;
    margin-left: -30px; } }

@media (max-width: 450px) {
  .sl-tooltip {
    max-width: 100% !important;
    position: fixed !important;
    top: 0 !important;
    left: 0 !important;
    right: 0 !important;
    bottom: 0 !important;
    margin: auto !important; }
  /* Tooltip Animation for mobile */
  @keyframes showTooltipTop {
    from {
      opacity: 0;
      top: -30px;
      margin: auto; }
    to {
      opacity: 1;
      top: 0;
      margin: auto; } }
  @-webkit-keyframes showTooltipTop {
    from {
      opacity: 0;
      top: -30px;
      margin: auto; }
    to {
      opacity: 1;
      top: 0;
      margin: auto; } }
  @keyframes showTooltipBottom {
    from {
      opacity: 0;
      top: 30px;
      margin: auto; }
    to {
      opacity: 1;
      top: 0;
      margin: auto; } }
  @-webkit-keyframes showTooltipBottom {
    from {
      opacity: 0;
      top: 30px;
      margin: auto; }
    to {
      opacity: 1;
      top: 0;
      margin: auto; } }
  @keyframes showTooltipLeft {
    from {
      opacity: 0;
      left: -30px;
      margin: auto; }
    to {
      opacity: 1;
      left: 0;
      margin: auto; } }
  @-webkit-keyframes showTooltipLeft {
    from {
      opacity: 0;
      left: -30px;
      margin: auto; }
    to {
      opacity: 1;
      left: 0;
      margin: auto; } }
  @keyframes showTooltipRight {
    from {
      opacity: 0;
      left: 30px;
      margin: auto; }
    to {
      opacity: 1;
      left: 0;
      margin: auto; } }
  @-webkit-keyframes showTooltipRight {
    from {
      opacity: 0;
      left: 30px;
      margin: auto; }
    to {
      opacity: 1;
      left: 0;
      margin: auto; } }
  /* HIDE TOOLTIP ANIMATION */
  @keyframes showTooltipRight {
    from {
      opacity: 0;
      left: 30px;
      margin: auto; }
    to {
      opacity: 1;
      left: 0;
      margin: auto; } }
  @-webkit-keyframes showTooltipRight {
    from {
      opacity: 0;
      left: 30px;
      margin: auto; }
    to {
      opacity: 1;
      left: 0;
      margin: auto; } }
  /* TOOLTIP HIDE ANIMATIONS */
  @keyframes hideTooltipTop {
    from {
      opacity: 1;
      top: 0px;
      margin: auto; }
    to {
      opacity: 0;
      top: -30px;
      margin: auto; } }
  @-webkit-keyframes hideTooltipTop {
    from {
      opacity: 1;
      top: 0;
      margin: auto; }
    to {
      opacity: 0;
      top: -30px;
      margin: auto; } }
  @keyframes hideTooltipBottom {
    from {
      opacity: 1;
      top: 0px;
      margin: auto; }
    to {
      opacity: 0;
      top: 30px;
      margin: auto; } }
  @-webkit-keyframes hideTooltipBottom {
    from {
      opacity: 1;
      top: 0;
      margin: auto; }
    to {
      opacity: 0;
      top: 30px;
      margin: auto; } }
  @keyframes hideTooltipLeft {
    from {
      opacity: 1;
      left: 0px;
      margin: auto; }
    to {
      opacity: 0;
      left: -30px;
      margin: auto; } }
  @-webkit-keyframes hideTooltipLeft {
    from {
      opacity: 1;
      left: 0;
      margin: auto; }
    to {
      opacity: 0;
      left: 30px;
      margin: auto; } }
  @keyframes hideTooltipRight {
    from {
      opacity: 1;
      left: 0px;
      margin: auto; }
    to {
      opacity: 0;
      left: 30px;
      margin: auto; } }
  @-webkit-keyframes hideTooltipRight {
    from {
      opacity: 1;
      left: 0;
      margin: auto; }
    to {
      opacity: 0;
      left: -30px;
      margin: auto; } } }

#slContainer .sl-views-wrapper
.sl-frame-component.sl-tooltip {
  display: block;
  opacity: 1;
  left: auto;
  right: auto;
  bottom: auto;
  top: auto;
  position: absolute;
  border-radius: 4px; }
  #slContainer .sl-views-wrapper
.sl-frame-component.sl-tooltip.sl-position-top.sl-show-animation {
    -webkit-animation-name: showTooltipTop;
    animation-name: showTooltipTop;
    -webkit-animation-duration: 0.2s;
    animation-duration: 0.2s;
    animation-fill-mode: forwards; }
  #slContainer .sl-views-wrapper
.sl-frame-component.sl-tooltip.sl-position-top.sl-hide-animation {
    -webkit-animation-name: hideTooltipTop;
    animation-name: hideTooltipTop;
    -webkit-animation-duration: 0.2s;
    animation-duration: 0.2s;
    animation-fill-mode: forwards; }
  #slContainer .sl-views-wrapper
.sl-frame-component.sl-tooltip.sl-position-bottom.sl-show-animation {
    -webkit-animation-name: showTooltipBottom;
    animation-name: showTooltipBottom;
    -webkit-animation-duration: 0.2s;
    animation-duration: 0.2s;
    animation-fill-mode: forwards; }
  #slContainer .sl-views-wrapper
.sl-frame-component.sl-tooltip.sl-position-bottom.sl-hide-animation {
    -webkit-animation-name: hideTooltipBottom;
    animation-name: hideTooltipBottom;
    -webkit-animation-duration: 0.2s;
    animation-duration: 0.2s;
    animation-fill-mode: forwards; }
  #slContainer .sl-views-wrapper
.sl-frame-component.sl-tooltip.sl-position-left.sl-show-animation {
    -webkit-animation-name: showTooltipLeft;
    animation-name: showTooltipLeft;
    -webkit-animation-duration: 0.2s;
    animation-duration: 0.2s;
    animation-fill-mode: forwards; }
  #slContainer .sl-views-wrapper
.sl-frame-component.sl-tooltip.sl-position-left.sl-hide-animation {
    -webkit-animation-name: hideTooltipLeft;
    animation-name: hideTooltipLeft;
    -webkit-animation-duration: 0.2s;
    animation-duration: 0.2s;
    animation-fill-mode: forwards; }
  #slContainer .sl-views-wrapper
.sl-frame-component.sl-tooltip.sl-position-right.sl-show-animation {
    -webkit-animation-name: showTooltipRight;
    animation-name: showTooltipRight;
    -webkit-animation-duration: 0.2s;
    animation-duration: 0.2s;
    animation-fill-mode: forwards; }
  #slContainer .sl-views-wrapper
.sl-frame-component.sl-tooltip.sl-position-right.sl-hide-animation {
    -webkit-animation-name: hideTooltipRight;
    animation-name: hideTooltipRight;
    -webkit-animation-duration: 0.2s;
    animation-duration: 0.2s;
    animation-fill-mode: forwards; }

/* POPUP SHOW */
@keyframes showContainerFromLeft {
  from {
    left: -500px;
    opacity: 0; }
  to {
    left: 0px;
    opacity: 1; } }

@-webkit-keyframes showContainerFromLeft {
  from {
    left: -500px;
    opacity: 0; }
  to {
    left: 0px;
    opacity: 1; } }

@keyframes hideContainerFromLeft {
  from {
    left: 0px;
    opacity: 1; }
  to {
    left: -500px;
    opacity: 0; } }

@-webkit-keyframes hideContainerFromLeft {
  from {
    left: 0px;
    opacity: 1; }
  to {
    left: -500px;
    opacity: 0; } }

@keyframes showContainerFromRight {
  from {
    right: -500px;
    opacity: 0; }
  to {
    right: 0px;
    opacity: 1; } }

@-webkit-keyframes showContainerFromRight {
  from {
    right: -500px;
    opacity: 0; }
  to {
    right: 0px;
    opacity: 1; } }

@keyframes hideContainerFromRight {
  from {
    right: 0px;
    opacity: 1; }
  to {
    opacity: 0;
    right: -500px; } }

@-webkit-keyframes hideContainerFromRight {
  from {
    right: 0px;
    opacity: 1; }
  to {
    opacity: 0;
    right: -500px; } }

@keyframes showContainerFromTop {
  from {
    top: -500px;
    opacity: 0; }
  to {
    opacity: 1;
    top: 0px; } }

@-webkit-keyframes showContainerFromTop {
  from {
    top: -500px;
    opacity: 0; }
  to {
    opacity: 1;
    top: 0px; } }

@keyframes hideContainerFromTop {
  from {
    top: 0px;
    opacity: 1; }
  to {
    opacity: 0;
    top: -500px; } }

@-webkit-keyframes hideContainerFromTop {
  from {
    top: 0px;
    opacity: 1; }
  to {
    opacity: 0;
    top: -500px; } }

@keyframes showContainerFromBottom {
  from {
    bottom: -500px;
    opacity: 0; }
  to {
    opacity: 1;
    bottom: 0px; } }

@-webkit-keyframes showContainerFromBottom {
  from {
    bottom: -500px;
    opacity: 0; }
  to {
    opacity: 1;
    bottom: 0px; } }

@keyframes hideContainerFromBottom {
  from {
    bottom: 0px;
    opacity: 1; }
  to {
    opacity: 0;
    bottom: -500px; } }

@-webkit-keyframes hideContainerFromBottom {
  from {
    bottom: 0px;
    opacity: 1; }
  to {
    opacity: 0;
    bottom: -500px; } }

@keyframes showContainer {
  from {
    opacity: 0;
    -webkit-transform: scale(0.7);
    -moz-transform: scale(0.7);
    -o-transform: scale(0.7);
    transform: scale(0.7);
    -webkit-transform-origin: top bottom;
    -moz-transform-origin: top bottom;
    -o-transform-origin: top bottom;
    transform-origin: top bottom; }
  to {
    opacity: 1;
    -webkit-transform: scale(1);
    -moz-transform: scale(1);
    -o-transform: scale(1);
    transform: scale(1);
    -webkit-transform-origin: top bottom;
    -moz-transform-origin: top bottom;
    -o-transform-origin: top bottom;
    transform-origin: top bottom; } }

@-webkit-keyframes showContainer {
  from {
    opacity: 0;
    -webkit-transform: scale(0.7);
    -moz-transform: scale(0.7);
    -o-transform: scale(0.7);
    transform: scale(0.7);
    -webkit-transform-origin: top bottom;
    -moz-transform-origin: top bottom;
    -o-transform-origin: top bottom;
    transform-origin: top bottom; }
  to {
    opacity: 1;
    -webkit-transform: scale(1);
    -moz-transform: scale(1);
    -o-transform: scale(1);
    transform: scale(1);
    -webkit-transform-origin: top bottom;
    -moz-transform-origin: top bottom;
    -o-transform-origin: top bottom;
    transform-origin: top bottom; } }

@keyframes hideContainer {
  from {
    -webkit-transform: scale(1);
    -moz-transform: scale(1);
    -o-transform: scale(1);
    transform: scale(1);
    -webkit-transform-origin: top bottom;
    -moz-transform-origin: top bottom;
    -o-transform-origin: top bottom;
    transform-origin: top bottom;
    opacity: 1; }
  to {
    -webkit-transform: scale(0.6);
    -moz-transform: scale(0.6);
    -o-transform: scale(0.6);
    transform: scale(0.6);
    -webkit-transform-origin: top bottom;
    -moz-transform-origin: top bottom;
    -o-transform-origin: top bottom;
    transform-origin: top bottom;
    opacity: 0; } }

@-webkit-keyframes hideContainer {
  from {
    -webkit-transform: scale(1);
    -moz-transform: scale(1);
    -o-transform: scale(1);
    transform: scale(1);
    -webkit-transform-origin: top bottom;
    -moz-transform-origin: top bottom;
    -o-transform-origin: top bottom;
    transform-origin: top bottom;
    opacity: 1; }
  to {
    -webkit-transform: scale(0.6);
    -moz-transform: scale(0.6);
    -o-transform: scale(0.6);
    transform: scale(0.6);
    -webkit-transform-origin: top bottom;
    -moz-transform-origin: top bottom;
    -o-transform-origin: top bottom;
    transform-origin: top bottom;
    opacity: 0; } }

@keyframes showContainerShadow {
  from {
    opacity: 0;
    position: fixed; }
  to {
    opacity: 1;
    position: fixed; } }

@-webkit-keyframes showContainerShadow {
  from {
    opacity: 0;
    position: fixed; }
  to {
    opacity: 1;
    position: fixed; } }

@keyframes hideContainerShadow {
  from {
    opacity: 1;
    position: fixed; }
  to {
    opacity: 0;
    position: fixed; } }

@-webkit-keyframes hideContainerShadow {
  from {
    opacity: 1;
    position: fixed; }
  to {
    opacity: 0;
    position: fixed; } }

#slContainer .sl-views-wrapper
.sl-frame-component.sl-container {
  background: transparent;
  width: 100%;
  height: 100%;
  display: block;
  opacity: 1;
  left: auto;
  margin: auto;
  right: auto;
  bottom: auto;
  top: auto;
  position: fixed;
  border-radius: 4px;
  overflow: visible; }
  #slContainer .sl-views-wrapper
.sl-frame-component.sl-container.sl-position-center-middle {
    left: 0;
    right: 0;
    bottom: 0;
    top: 0;
    position: fixed; }
    #slContainer .sl-views-wrapper
.sl-frame-component.sl-container.sl-position-center-middle.sl-show-animation {
      -webkit-animation-name: showContainer;
      animation-name: showContainer;
      -webkit-animation-duration: 0.3s;
      animation-duration: 0.3s;
      animation-fill-mode: forwards; }
      #slContainer .sl-views-wrapper
.sl-frame-component.sl-container.sl-position-center-middle.sl-show-animation .sl-item-background-shade {
        -webkit-animation-name: showContainerShadow;
        animation-name: showContainerShadow;
        -webkit-animation-duration: 0.4s;
        animation-duration: 0.4s;
        animation-fill-mode: forwards;
        -webkit-transform: scale(15, 5);
        -moz-transform: scale(15, 5);
        -o-transform: scale(15, 5);
        transform: scale(15, 5);
        -webkit-transform-origin: top bottom;
        -moz-transform-origin: top bottom;
        -o-transform-origin: top bottom;
        transform-origin: top bottom; }
    #slContainer .sl-views-wrapper
.sl-frame-component.sl-container.sl-position-center-middle.sl-hide-animation {
      -webkit-animation-name: hideContainer;
      animation-name: hideContainer;
      -webkit-animation-duration: 0.4s;
      animation-duration: 0.4s;
      animation-fill-mode: forwards; }
      #slContainer .sl-views-wrapper
.sl-frame-component.sl-container.sl-position-center-middle.sl-hide-animation .sl-item-background-shade {
        -webkit-animation-name: hideContainerShadow;
        animation-name: hideContainerShadow;
        -webkit-animation-duration: 0.4s;
        animation-duration: 0.4s;
        animation-fill-mode: forwards;
        -webkit-transform: scale(15, 5);
        -moz-transform: scale(15, 5);
        -o-transform: scale(15, 5);
        transform: scale(15, 5);
        -webkit-transform-origin: top bottom;
        -moz-transform-origin: top bottom;
        -o-transform-origin: top bottom;
        transform-origin: top bottom; }
  #slContainer .sl-views-wrapper
.sl-frame-component.sl-container.sl-position-left-middle {
    bottom: 0;
    top: 0; }
    #slContainer .sl-views-wrapper
.sl-frame-component.sl-container.sl-position-left-middle.sl-show-animation {
      -webkit-animation-name: showContainerFromLeft;
      animation-name: showContainerFromLeft;
      -webkit-animation-duration: 0.3s;
      animation-duration: 0.3s;
      animation-fill-mode: forwards; }
    #slContainer .sl-views-wrapper
.sl-frame-component.sl-container.sl-position-left-middle.sl-hide-animation {
      -webkit-animation-name: hideContainerFromLeft;
      animation-name: hideContainerFromLeft;
      -webkit-animation-duration: 0.4s;
      animation-duration: 0.4s;
      animation-fill-mode: forwards; }
  #slContainer .sl-views-wrapper
.sl-frame-component.sl-container.sl-position-left-top {
    top: 0; }
    #slContainer .sl-views-wrapper
.sl-frame-component.sl-container.sl-position-left-top.sl-show-animation {
      -webkit-animation-name: showContainerFromLeft;
      animation-name: showContainerFromLeft;
      -webkit-animation-duration: 0.3s;
      animation-duration: 0.3s;
      animation-fill-mode: forwards; }
    #slContainer .sl-views-wrapper
.sl-frame-component.sl-container.sl-position-left-top.sl-hide-animation {
      -webkit-animation-name: hideContainerFromLeft;
      animation-name: hideContainerFromLeft;
      -webkit-animation-duration: 0.4s;
      animation-duration: 0.4s;
      animation-fill-mode: forwards; }
  #slContainer .sl-views-wrapper
.sl-frame-component.sl-container.sl-position-left-bottom {
    bottom: 0; }
    #slContainer .sl-views-wrapper
.sl-frame-component.sl-container.sl-position-left-bottom.sl-show-animation {
      -webkit-animation-name: showContainerFromLeft;
      animation-name: showContainerFromLeft;
      -webkit-animation-duration: 0.3s;
      animation-duration: 0.3s;
      animation-fill-mode: forwards; }
    #slContainer .sl-views-wrapper
.sl-frame-component.sl-container.sl-position-left-bottom.sl-hide-animation {
      -webkit-animation-name: hideContainerFromLeft;
      animation-name: hideContainerFromLeft;
      -webkit-animation-duration: 0.4s;
      animation-duration: 0.4s;
      animation-fill-mode: forwards; }
  #slContainer .sl-views-wrapper
.sl-frame-component.sl-container.sl-position-right-middle {
    bottom: 0;
    top: 0; }
    #slContainer .sl-views-wrapper
.sl-frame-component.sl-container.sl-position-right-middle.sl-show-animation {
      -webkit-animation-name: showContainerFromRight;
      animation-name: showContainerFromRight;
      -webkit-animation-duration: 0.3s;
      animation-duration: 0.3s;
      animation-fill-mode: forwards; }
    #slContainer .sl-views-wrapper
.sl-frame-component.sl-container.sl-position-right-middle.sl-hide-animation {
      -webkit-animation-name: hideContainerFromRight;
      animation-name: hideContainerFromRight;
      -webkit-animation-duration: 0.4s;
      animation-duration: 0.4s;
      animation-fill-mode: forwards; }
  #slContainer .sl-views-wrapper
.sl-frame-component.sl-container.sl-position-right-top {
    top: 0; }
    #slContainer .sl-views-wrapper
.sl-frame-component.sl-container.sl-position-right-top.sl-show-animation {
      -webkit-animation-name: showContainerFromRight;
      animation-name: showContainerFromRight;
      -webkit-animation-duration: 0.3s;
      animation-duration: 0.3s;
      animation-fill-mode: forwards; }
    #slContainer .sl-views-wrapper
.sl-frame-component.sl-container.sl-position-right-top.sl-hide-animation {
      -webkit-animation-name: hideContainerFromRight;
      animation-name: hideContainerFromRight;
      -webkit-animation-duration: 0.4s;
      animation-duration: 0.4s;
      animation-fill-mode: forwards; }
  #slContainer .sl-views-wrapper
.sl-frame-component.sl-container.sl-position-right-bottom {
    bottom: 0; }
    #slContainer .sl-views-wrapper
.sl-frame-component.sl-container.sl-position-right-bottom.sl-show-animation {
      -webkit-animation-name: showContainerFromRight;
      animation-name: showContainerFromRight;
      -webkit-animation-duration: 0.3s;
      animation-duration: 0.3s;
      animation-fill-mode: forwards; }
    #slContainer .sl-views-wrapper
.sl-frame-component.sl-container.sl-position-right-bottom.sl-hide-animation {
      -webkit-animation-name: hideContainerFromRight;
      animation-name: hideContainerFromRight;
      -webkit-animation-duration: 0.4s;
      animation-duration: 0.4s;
      animation-fill-mode: forwards; }
  #slContainer .sl-views-wrapper
.sl-frame-component.sl-container.sl-position-center-top {
    top: 0;
    left: 0;
    right: 0; }
    #slContainer .sl-views-wrapper
.sl-frame-component.sl-container.sl-position-center-top.sl-show-animation {
      -webkit-animation-name: showContainerFromTop;
      animation-name: showContainerFromTop;
      -webkit-animation-duration: 0.3s;
      animation-duration: 0.3s;
      animation-fill-mode: forwards; }
    #slContainer .sl-views-wrapper
.sl-frame-component.sl-container.sl-position-center-top.sl-hide-animation {
      -webkit-animation-name: hideContainerFromTop;
      animation-name: hideContainerFromTop;
      -webkit-animation-duration: 0.4s;
      animation-duration: 0.4s;
      animation-fill-mode: forwards; }
  #slContainer .sl-views-wrapper
.sl-frame-component.sl-container.sl-position-center-bottom {
    bottom: 0;
    left: 0;
    right: 0; }
    #slContainer .sl-views-wrapper
.sl-frame-component.sl-container.sl-position-center-bottom.sl-show-animation {
      -webkit-animation-name: showContainerFromBottom;
      animation-name: showContainerFromBottom;
      -webkit-animation-duration: 0.3s;
      animation-duration: 0.3s;
      animation-fill-mode: forwards; }
    #slContainer .sl-views-wrapper
.sl-frame-component.sl-container.sl-position-center-bottom.sl-hide-animation {
      -webkit-animation-name: hideContainerFromBottom;
      animation-name: hideContainerFromBottom;
      -webkit-animation-duration: 0.4s;
      animation-duration: 0.4s;
      animation-fill-mode: forwards; }

/* POPUP SHOW */
@keyframes showContainerFromLeft {
  from {
    left: -500px;
    opacity: 0; }
  to {
    left: 0px;
    opacity: 1; } }

@-webkit-keyframes showContainerFromLeft {
  from {
    left: -500px;
    opacity: 0; }
  to {
    left: 0px;
    opacity: 1; } }

@keyframes hideContainerFromLeft {
  from {
    left: 0px;
    opacity: 1; }
  to {
    left: -500px;
    opacity: 0; } }

@-webkit-keyframes hideContainerFromLeft {
  from {
    left: 0px;
    opacity: 1; }
  to {
    left: -500px;
    opacity: 0; } }

@keyframes showContainerFromRight {
  from {
    right: -500px;
    opacity: 0; }
  to {
    right: 0px;
    opacity: 1; } }

@-webkit-keyframes showContainerFromRight {
  from {
    right: -500px;
    opacity: 0; }
  to {
    right: 0px;
    opacity: 1; } }

@keyframes hideContainerFromRight {
  from {
    right: 0px;
    opacity: 1; }
  to {
    opacity: 0;
    right: -500px; } }

@-webkit-keyframes hideContainerFromRight {
  from {
    right: 0px;
    opacity: 1; }
  to {
    opacity: 0;
    right: -500px; } }

@keyframes showContainerFromTop {
  from {
    top: -500px;
    opacity: 0; }
  to {
    opacity: 1;
    top: 0px; } }

@-webkit-keyframes showContainerFromTop {
  from {
    top: -500px;
    opacity: 0; }
  to {
    opacity: 1;
    top: 0px; } }

@keyframes hideContainerFromTop {
  from {
    top: 0px;
    opacity: 1; }
  to {
    opacity: 0;
    top: -500px; } }

@-webkit-keyframes hideContainerFromTop {
  from {
    top: 0px;
    opacity: 1; }
  to {
    opacity: 0;
    top: -500px; } }

@keyframes showContainerFromBottom {
  from {
    bottom: -500px;
    opacity: 0; }
  to {
    opacity: 1;
    bottom: 0px; } }

@-webkit-keyframes showContainerFromBottom {
  from {
    bottom: -500px;
    opacity: 0; }
  to {
    opacity: 1;
    bottom: 0px; } }

@keyframes hideContainerFromBottom {
  from {
    bottom: 0px;
    opacity: 1; }
  to {
    opacity: 0;
    bottom: -500px; } }

@-webkit-keyframes hideContainerFromBottom {
  from {
    bottom: 0px;
    opacity: 1; }
  to {
    opacity: 0;
    bottom: -500px; } }

@keyframes showContainer {
  from {
    opacity: 0;
    -webkit-transform: scale(0.7);
    -moz-transform: scale(0.7);
    -o-transform: scale(0.7);
    transform: scale(0.7);
    -webkit-transform-origin: top bottom;
    -moz-transform-origin: top bottom;
    -o-transform-origin: top bottom;
    transform-origin: top bottom; }
  to {
    opacity: 1;
    -webkit-transform: scale(1);
    -moz-transform: scale(1);
    -o-transform: scale(1);
    transform: scale(1);
    -webkit-transform-origin: top bottom;
    -moz-transform-origin: top bottom;
    -o-transform-origin: top bottom;
    transform-origin: top bottom; } }

@-webkit-keyframes showContainer {
  from {
    opacity: 0;
    -webkit-transform: scale(0.7);
    -moz-transform: scale(0.7);
    -o-transform: scale(0.7);
    transform: scale(0.7);
    -webkit-transform-origin: top bottom;
    -moz-transform-origin: top bottom;
    -o-transform-origin: top bottom;
    transform-origin: top bottom; }
  to {
    opacity: 1;
    -webkit-transform: scale(1);
    -moz-transform: scale(1);
    -o-transform: scale(1);
    transform: scale(1);
    -webkit-transform-origin: top bottom;
    -moz-transform-origin: top bottom;
    -o-transform-origin: top bottom;
    transform-origin: top bottom; } }

@keyframes hideContainer {
  from {
    -webkit-transform: scale(1);
    -moz-transform: scale(1);
    -o-transform: scale(1);
    transform: scale(1);
    -webkit-transform-origin: top bottom;
    -moz-transform-origin: top bottom;
    -o-transform-origin: top bottom;
    transform-origin: top bottom;
    opacity: 1; }
  to {
    -webkit-transform: scale(0.6);
    -moz-transform: scale(0.6);
    -o-transform: scale(0.6);
    transform: scale(0.6);
    -webkit-transform-origin: top bottom;
    -moz-transform-origin: top bottom;
    -o-transform-origin: top bottom;
    transform-origin: top bottom;
    opacity: 0; } }

@-webkit-keyframes hideContainer {
  from {
    -webkit-transform: scale(1);
    -moz-transform: scale(1);
    -o-transform: scale(1);
    transform: scale(1);
    -webkit-transform-origin: top bottom;
    -moz-transform-origin: top bottom;
    -o-transform-origin: top bottom;
    transform-origin: top bottom;
    opacity: 1; }
  to {
    -webkit-transform: scale(0.6);
    -moz-transform: scale(0.6);
    -o-transform: scale(0.6);
    transform: scale(0.6);
    -webkit-transform-origin: top bottom;
    -moz-transform-origin: top bottom;
    -o-transform-origin: top bottom;
    transform-origin: top bottom;
    opacity: 0; } }

@keyframes showContainerShadow {
  from {
    opacity: 0;
    position: fixed; }
  to {
    opacity: 1;
    position: fixed; } }

@-webkit-keyframes showContainerShadow {
  from {
    opacity: 0;
    position: fixed; }
  to {
    opacity: 1;
    position: fixed; } }

@keyframes hideContainerShadow {
  from {
    opacity: 1;
    position: fixed; }
  to {
    opacity: 0;
    position: fixed; } }

@-webkit-keyframes hideContainerShadow {
  from {
    opacity: 1;
    position: fixed; }
  to {
    opacity: 0;
    position: fixed; } }

#slContainer .sl-views-wrapper
.sl-frame-component.sl-html-container {
  background: transparent;
  width: 100%;
  height: 100%;
  display: block;
  opacity: 1;
  left: auto;
  margin: auto;
  right: auto;
  bottom: auto;
  top: auto;
  position: fixed;
  border-radius: 4px;
  overflow: visible; }
  #slContainer .sl-views-wrapper
.sl-frame-component.sl-html-container.sl-position-center-middle {
    left: 0;
    right: 0;
    bottom: 0;
    top: 0;
    position: fixed; }
    #slContainer .sl-views-wrapper
.sl-frame-component.sl-html-container.sl-position-center-middle.sl-show-animation {
      -webkit-animation-name: showContainer;
      animation-name: showContainer;
      -webkit-animation-duration: 0.3s;
      animation-duration: 0.3s;
      animation-fill-mode: forwards; }
      #slContainer .sl-views-wrapper
.sl-frame-component.sl-html-container.sl-position-center-middle.sl-show-animation .sl-item-background-shade {
        -webkit-animation-name: showContainerShadow;
        animation-name: showContainerShadow;
        -webkit-animation-duration: 0.4s;
        animation-duration: 0.4s;
        animation-fill-mode: forwards;
        -webkit-transform: scale(15, 5);
        -moz-transform: scale(15, 5);
        -o-transform: scale(15, 5);
        transform: scale(15, 5);
        -webkit-transform-origin: top bottom;
        -moz-transform-origin: top bottom;
        -o-transform-origin: top bottom;
        transform-origin: top bottom; }
    #slContainer .sl-views-wrapper
.sl-frame-component.sl-html-container.sl-position-center-middle.sl-hide-animation {
      -webkit-animation-name: hideContainer;
      animation-name: hideContainer;
      -webkit-animation-duration: 0.4s;
      animation-duration: 0.4s;
      animation-fill-mode: forwards; }
      #slContainer .sl-views-wrapper
.sl-frame-component.sl-html-container.sl-position-center-middle.sl-hide-animation .sl-item-background-shade {
        -webkit-animation-name: hideContainerShadow;
        animation-name: hideContainerShadow;
        -webkit-animation-duration: 0.4s;
        animation-duration: 0.4s;
        animation-fill-mode: forwards;
        -webkit-transform: scale(15, 5);
        -moz-transform: scale(15, 5);
        -o-transform: scale(15, 5);
        transform: scale(15, 5);
        -webkit-transform-origin: top bottom;
        -moz-transform-origin: top bottom;
        -o-transform-origin: top bottom;
        transform-origin: top bottom; }
  #slContainer .sl-views-wrapper
.sl-frame-component.sl-html-container.sl-position-left-middle {
    bottom: 0;
    top: 0; }
    #slContainer .sl-views-wrapper
.sl-frame-component.sl-html-container.sl-position-left-middle.sl-show-animation {
      -webkit-animation-name: showContainerFromLeft;
      animation-name: showContainerFromLeft;
      -webkit-animation-duration: 0.3s;
      animation-duration: 0.3s;
      animation-fill-mode: forwards; }
    #slContainer .sl-views-wrapper
.sl-frame-component.sl-html-container.sl-position-left-middle.sl-hide-animation {
      -webkit-animation-name: hideContainerFromLeft;
      animation-name: hideContainerFromLeft;
      -webkit-animation-duration: 0.4s;
      animation-duration: 0.4s;
      animation-fill-mode: forwards; }
  #slContainer .sl-views-wrapper
.sl-frame-component.sl-html-container.sl-position-left-top {
    top: 0; }
    #slContainer .sl-views-wrapper
.sl-frame-component.sl-html-container.sl-position-left-top.sl-show-animation {
      -webkit-animation-name: showContainerFromLeft;
      animation-name: showContainerFromLeft;
      -webkit-animation-duration: 0.3s;
      animation-duration: 0.3s;
      animation-fill-mode: forwards; }
    #slContainer .sl-views-wrapper
.sl-frame-component.sl-html-container.sl-position-left-top.sl-hide-animation {
      -webkit-animation-name: hideContainerFromLeft;
      animation-name: hideContainerFromLeft;
      -webkit-animation-duration: 0.4s;
      animation-duration: 0.4s;
      animation-fill-mode: forwards; }
  #slContainer .sl-views-wrapper
.sl-frame-component.sl-html-container.sl-position-left-bottom {
    bottom: 0; }
    #slContainer .sl-views-wrapper
.sl-frame-component.sl-html-container.sl-position-left-bottom.sl-show-animation {
      -webkit-animation-name: showContainerFromLeft;
      animation-name: showContainerFromLeft;
      -webkit-animation-duration: 0.3s;
      animation-duration: 0.3s;
      animation-fill-mode: forwards; }
    #slContainer .sl-views-wrapper
.sl-frame-component.sl-html-container.sl-position-left-bottom.sl-hide-animation {
      -webkit-animation-name: hideContainerFromLeft;
      animation-name: hideContainerFromLeft;
      -webkit-animation-duration: 0.4s;
      animation-duration: 0.4s;
      animation-fill-mode: forwards; }
  #slContainer .sl-views-wrapper
.sl-frame-component.sl-html-container.sl-position-right-middle {
    bottom: 0;
    top: 0; }
    #slContainer .sl-views-wrapper
.sl-frame-component.sl-html-container.sl-position-right-middle.sl-show-animation {
      -webkit-animation-name: showContainerFromRight;
      animation-name: showContainerFromRight;
      -webkit-animation-duration: 0.3s;
      animation-duration: 0.3s;
      animation-fill-mode: forwards; }
    #slContainer .sl-views-wrapper
.sl-frame-component.sl-html-container.sl-position-right-middle.sl-hide-animation {
      -webkit-animation-name: hideContainerFromRight;
      animation-name: hideContainerFromRight;
      -webkit-animation-duration: 0.4s;
      animation-duration: 0.4s;
      animation-fill-mode: forwards; }
  #slContainer .sl-views-wrapper
.sl-frame-component.sl-html-container.sl-position-right-top {
    top: 0; }
    #slContainer .sl-views-wrapper
.sl-frame-component.sl-html-container.sl-position-right-top.sl-show-animation {
      -webkit-animation-name: showContainerFromRight;
      animation-name: showContainerFromRight;
      -webkit-animation-duration: 0.3s;
      animation-duration: 0.3s;
      animation-fill-mode: forwards; }
    #slContainer .sl-views-wrapper
.sl-frame-component.sl-html-container.sl-position-right-top.sl-hide-animation {
      -webkit-animation-name: hideContainerFromRight;
      animation-name: hideContainerFromRight;
      -webkit-animation-duration: 0.4s;
      animation-duration: 0.4s;
      animation-fill-mode: forwards; }
  #slContainer .sl-views-wrapper
.sl-frame-component.sl-html-container.sl-position-right-bottom {
    bottom: 0; }
    #slContainer .sl-views-wrapper
.sl-frame-component.sl-html-container.sl-position-right-bottom.sl-show-animation {
      -webkit-animation-name: showContainerFromRight;
      animation-name: showContainerFromRight;
      -webkit-animation-duration: 0.3s;
      animation-duration: 0.3s;
      animation-fill-mode: forwards; }
    #slContainer .sl-views-wrapper
.sl-frame-component.sl-html-container.sl-position-right-bottom.sl-hide-animation {
      -webkit-animation-name: hideContainerFromRight;
      animation-name: hideContainerFromRight;
      -webkit-animation-duration: 0.4s;
      animation-duration: 0.4s;
      animation-fill-mode: forwards; }
  #slContainer .sl-views-wrapper
.sl-frame-component.sl-html-container.sl-position-center-top {
    top: 0;
    left: 0;
    right: 0; }
    #slContainer .sl-views-wrapper
.sl-frame-component.sl-html-container.sl-position-center-top.sl-show-animation {
      -webkit-animation-name: showContainerFromTop;
      animation-name: showContainerFromTop;
      -webkit-animation-duration: 0.3s;
      animation-duration: 0.3s;
      animation-fill-mode: forwards; }
    #slContainer .sl-views-wrapper
.sl-frame-component.sl-html-container.sl-position-center-top.sl-hide-animation {
      -webkit-animation-name: hideContainerFromTop;
      animation-name: hideContainerFromTop;
      -webkit-animation-duration: 0.4s;
      animation-duration: 0.4s;
      animation-fill-mode: forwards; }
  #slContainer .sl-views-wrapper
.sl-frame-component.sl-html-container.sl-position-center-bottom {
    bottom: 0;
    left: 0;
    right: 0; }
    #slContainer .sl-views-wrapper
.sl-frame-component.sl-html-container.sl-position-center-bottom.sl-show-animation {
      -webkit-animation-name: showContainerFromBottom;
      animation-name: showContainerFromBottom;
      -webkit-animation-duration: 0.3s;
      animation-duration: 0.3s;
      animation-fill-mode: forwards; }
    #slContainer .sl-views-wrapper
.sl-frame-component.sl-html-container.sl-position-center-bottom.sl-hide-animation {
      -webkit-animation-name: hideContainerFromBottom;
      animation-name: hideContainerFromBottom;
      -webkit-animation-duration: 0.4s;
      animation-duration: 0.4s;
      animation-fill-mode: forwards; }
</style></head>
    <body data-engine-version="0.3.10">
        <div id="root"><div id="site-layout" class="site-layout site-layout--mobile" data-customer-is-anonymous="true" tabindex="-1"><div class="site-layout__smart-banner"><div></div></div><div class="site-layout__header" data-auid="header"><div class="accessibility-links"><a href="#site-content" class="skip-to sr-only sr-only-focusable " data-is-external-link="true"><span>Skip to Main Content</span></a><a href="#site-footer" class="skip-to sr-only sr-only-focusable " data-is-external-link="true"><span>Skip to Footer</span></a><a href="https://flyers.realcanadiansuperstore.ca/flyers/accessibility/realcanadiansuperstore?locale=en&amp;store_code=1080&amp;type=2" aria-describedby="describe-link-opens-new-tab" target="_blank" rel="noopener noreferrer" class="skip-to sr-only sr-only-focusable " data-is-external-link="true"><span>View Accessible Flyer</span></a></div><div class="site-header-wrapper"><div class="site-header-wrapper__header"><header class="site-header site-header--mobile site-header--exp-BX-2795-background-color" data-cruller="site-header"><div class="mobile-site-header mobile-site-header--exp-BX-2795-justify-left"><div class="mobile-menu mobile-menu--exp-BX-2903-menu-color" data-aria-modal="true"><div class="mobile-menu__mask" data-auid="mobile-menu__mask"></div><div class="mobile-menu__side-menu" data-auid="mobile-side-menu"><section class="mobile-menu__side-menu__section mobile-menu__side-menu__section--quick-links"><div class="quicklinks"><span class="quicklinks__item quicklinks__item--account"><div class="quicklinks__item__block"><span class="quicklinks__item__block__text"><a class="quicklinks__item__block__text__link" href="/account/login"><span>Sign In</span></a></span></div></span><span class="quicklinks__item quicklinks__item--location"><a data-auid="store-locator-link" data-is-external-link="false" data-cruller="store-locator-link" class="store-locator-link quicklinks__item__link quicklinks__item__link--button quicklinks__item__link--exp-BX-2651-change-timeslot-font-color" href="/store-locator"><span class="quicklinks__item__link__text"><svg class="MuiSvgIcon-root quicklinks__item__link__text__icon" focusable="false" viewBox="0 0 24 24" aria-hidden="true" style="font-size: 24px;"><path d="M12 2C8.13 2 5 5.13 5 9c0 5.25 7 13 7 13s7-7.75 7-13c0-3.87-3.13-7-7-7zM7 9c0-2.76 2.24-5 5-5s5 2.24 5 5c0 2.88-2.88 7.19-5 9.88C9.92 16.21 7 11.85 7 9z"></path><circle cx="12" cy="9" r="2.5"></circle></svg><span>Store Locator</span></span></a></span></div></section><section class="mobile-menu__side-menu__section mobile-menu__side-menu__section--departments"><div class="mobile-menu__side-menu__section__list"><nav class="primary-nav" aria-label="Main navigation"><ul class="primary-nav__list primary-nav__list--level-0" data-code="root"><li class="primary-nav__list__item primary-nav__list__item--with-children"><button class="primary-nav__list__item__link" data-code="RCSS001000000000" aria-expanded="false" data-aria-current="false"><span class="primary-nav__list__item__link__text">Food</span><svg class="MuiSvgIcon-root primary-nav__list__item__link__icon" focusable="false" viewBox="0 0 24 24" aria-hidden="true" style="font-size: 24px;"><path d="M16.59 8.59L12 13.17 7.41 8.59 6 10l6 6 6-6z"></path></svg></button><ul class="primary-nav__list primary-nav__list--level-1" data-code="RCSS001000000000"><li class="primary-nav__list__item"><a class="primary-nav__list__item__link" data-code="28003" href="/food/dairy-eggs/c/28003?navid=flyout-L3-Dairy-and-Eggs"><span class="primary-nav__list__item__link__text">Dairy &amp; Eggs</span></a></li><li class="primary-nav__list__item"><a class="primary-nav__list__item__link" data-code="27998" href="/food/meat/c/27998?navid=flyout-L3-Meat"><span class="primary-nav__list__item__link__text">Meat</span></a></li><li class="primary-nav__list__item"><a class="primary-nav__list__item__link" data-code="28000" href="/food/fruits-vegetables/c/28000?navid=flyout-L3-Fruits-and-Vegetables"><span class="primary-nav__list__item__link__text">Fruits &amp; Vegetables</span></a></li><li class="primary-nav__list__item"><a class="primary-nav__list__item__link" data-code="28002" href="/food/bakery/c/28002?navid=flyout-L3-Bakery"><span class="primary-nav__list__item__link__text">Bakery</span></a></li><li class="primary-nav__list__item"><a class="primary-nav__list__item__link" data-code="27999" href="/food/fish-seafood/c/27999?navid=flyout-L3-Fish-and-Seafood"><span class="primary-nav__list__item__link__text">Fish &amp; Seafood</span></a></li><li class="primary-nav__list__item"><a class="primary-nav__list__item__link" data-code="28006" href="/food/pantry/c/28006?navid=flyout-L3-Pantry"><span class="primary-nav__list__item__link__text">Pantry</span></a></li><li class="primary-nav__list__item"><a class="primary-nav__list__item__link" data-code="28001" href="/food/deli/c/28001?navid=flyout-L3-Deli"><span class="primary-nav__list__item__link__text">Deli</span></a></li><li class="primary-nav__list__item"><a class="primary-nav__list__item__link" data-code="28004" href="/food/drinks/c/28004?navid=flyout-L3-Drinks"><span class="primary-nav__list__item__link__text">Drinks</span></a></li><li class="primary-nav__list__item"><a class="primary-nav__list__item__link" data-code="28005" href="/food/frozen/c/28005?navid=flyout-L3-Frozen"><span class="primary-nav__list__item__link__text">Frozen</span></a></li><li class="primary-nav__list__item"><a class="primary-nav__list__item__link" data-code="/meals" href="/meals?navid=flyout-L3-Meal-Kits"><span class="primary-nav__list__item__link__text">Meal Kits</span></a></li><li class="primary-nav__list__item"><a class="primary-nav__list__item__link" data-code="27996" href="/food/prepared-meals/c/27996?navid=flyout-L3-Prepared-Meals"><span class="primary-nav__list__item__link__text">Prepared Meals</span></a></li><li class="primary-nav__list__item"><a class="primary-nav__list__item__link" data-code="28189?navid=CLP-L4-Natural-Foods-" href="/food/pantry/natural-foods/c/28189?navid=CLP-L4-Natural-Foods-&amp;navid=Natural-Foods"><span class="primary-nav__list__item__link__text">Natural Foods</span></a></li><li class="primary-nav__list__item"><a class="primary-nav__list__item__link" data-code="/shopstaples" href="/shopstaples?navid=flyout-L3-shop-staples"><span class="primary-nav__list__item__link__text">Shop Staples</span></a></li><li class="primary-nav__list__item"><a class="primary-nav__list__item__link" data-code="/collections/5zDiSC3uzYEMSfUr0i55Of" href="/collections/5zDiSC3uzYEMSfUr0i55Of?navid=flyout-L3-must-try-pc-products-food"><span class="primary-nav__list__item__link__text">Must try! New PC Products</span></a></li></ul></li><li class="primary-nav__list__item primary-nav__list__item--with-children"><button class="primary-nav__list__item__link" data-code="RCSS023000000000000000000000" aria-expanded="false" data-aria-current="false"><span class="primary-nav__list__item__link__text">Baby</span><svg class="MuiSvgIcon-root primary-nav__list__item__link__icon" focusable="false" viewBox="0 0 24 24" aria-hidden="true" style="font-size: 24px;"><path d="M16.59 8.59L12 13.17 7.41 8.59 6 10l6 6 6-6z"></path></svg></button><ul class="primary-nav__list primary-nav__list--level-1" data-code="RCSS023000000000000000000000"><li class="primary-nav__list__item"><a class="primary-nav__list__item__link" data-code="/baby" href="/baby?navid=flyout-L3-Baby Shop"><span class="primary-nav__list__item__link__text">Baby Shop</span></a></li><li class="primary-nav__list__item"><a class="primary-nav__list__item__link" data-code="28025" href="/baby/baby-care/c/28025?navid=flyout-L3-Baby-Care"><span class="primary-nav__list__item__link__text">Baby Accessories</span></a></li><li class="primary-nav__list__item"><a class="primary-nav__list__item__link" data-code="28026" href="/baby/baby-safety/c/28026?navid=flyout-L3-Baby-Safety"><span class="primary-nav__list__item__link__text">Baby Safety</span></a></li><li class="primary-nav__list__item"><a class="primary-nav__list__item__link" data-code="28028" href="/baby/baby-toys/c/28028?navid=flyout-L3-Baby-Toys"><span class="primary-nav__list__item__link__text">Baby Toys</span></a></li><li class="primary-nav__list__item"><a class="primary-nav__list__item__link" data-code="28029" href="/baby/car-seats-strollers/c/28029?navid=flyout-L3-Car-Seats-and-Strollers"><span class="primary-nav__list__item__link__text">Car Seats &amp; Strollers</span></a></li><li class="primary-nav__list__item"><a class="primary-nav__list__item__link" data-code="28030" href="/baby/changing-potty-training/c/28030?navid=flyout-L3-Changing-and-Potty-Training"><span class="primary-nav__list__item__link__text">Changing &amp; Potty Training</span></a></li><li class="primary-nav__list__item"><a class="primary-nav__list__item__link" data-code="28031" href="/baby/nursing-feeding/c/28031?navid=flyout-L3-Nursing-and-Feeding"><span class="primary-nav__list__item__link__text">Nursing &amp; Feeding</span></a></li><li class="primary-nav__list__item"><a class="primary-nav__list__item__link" data-code="28032" href="/baby/gear/c/28032?navid=flyout-L3-Gear"><span class="primary-nav__list__item__link__text">Gear</span></a></li><li class="primary-nav__list__item"><a class="primary-nav__list__item__link" data-code="28033" href="/baby/gifts/c/28033?navid=flyout-L3-Gifts"><span class="primary-nav__list__item__link__text">Gifts</span></a></li><li class="primary-nav__list__item"><a class="primary-nav__list__item__link" data-code="28034" href="/baby/nursery/c/28034?navid=flyout-L3-Nursery"><span class="primary-nav__list__item__link__text">Nursery</span></a></li><li class="primary-nav__list__item"><a class="primary-nav__list__item__link" data-code="28035" href="/baby/pregnancy-maternity/c/28035?navid=flyout-L3-Pregnancy-and-Maternity"><span class="primary-nav__list__item__link__text">Pregnancy &amp; Maternity</span></a></li></ul></li><li class="primary-nav__list__item primary-nav__list__item--with-children"><button class="primary-nav__list__item__link" data-code="RCSS022000000000000000000000" aria-expanded="false" data-aria-current="false"><span class="primary-nav__list__item__link__text">Home &amp; Living</span><svg class="MuiSvgIcon-root primary-nav__list__item__link__icon" focusable="false" viewBox="0 0 24 24" aria-hidden="true" style="font-size: 24px;"><path d="M16.59 8.59L12 13.17 7.41 8.59 6 10l6 6 6-6z"></path></svg></button><ul class="primary-nav__list primary-nav__list--level-1" data-code="RCSS022000000000000000000000"><li class="primary-nav__list__item"><a class="primary-nav__list__item__link" data-code="/staples-for-home" href="/staples-for-home?navid=flyout-L3-Staples for Home"><span class="primary-nav__list__item__link__text">Staples for Home</span></a></li><li class="primary-nav__list__item"><a class="primary-nav__list__item__link" data-code="/outdoor-living" href="/outdoor-living?navid=flyout-L3-Outdoor Living"><span class="primary-nav__list__item__link__text">Outdoor Living</span></a></li><li class="primary-nav__list__item"><a class="primary-nav__list__item__link" data-code="28008" href="/home-and-living/appliances/c/28008?navid=flyout-L3-Appliances"><span class="primary-nav__list__item__link__text">Appliances</span></a></li><li class="primary-nav__list__item"><a class="primary-nav__list__item__link" data-code="28017" href="/home-and-living/kitchen-dining/c/28017?navid=flyout-L3-Kitchen-and-Dining"><span class="primary-nav__list__item__link__text">Kitchen &amp; Dining</span></a></li><li class="primary-nav__list__item"><a class="primary-nav__list__item__link" data-code="28011" href="/home-and-living/household-cleaning-products/c/28011?navid=flyout-L3-Household-and-Cleaning-Products"><span class="primary-nav__list__item__link__text">Household &amp; Cleaning Products</span></a></li><li class="primary-nav__list__item"><a class="primary-nav__list__item__link" data-code="28014" href="/home-and-living/home-decor/c/28014?navid=flyout-L3-Home-Decor"><span class="primary-nav__list__item__link__text">Home Decor</span></a></li><li class="primary-nav__list__item"><a class="primary-nav__list__item__link" data-code="28010" href="/home-and-living/bedding/c/28010?navid=flyout-L3-Bedding"><span class="primary-nav__list__item__link__text">Bedding</span></a></li><li class="primary-nav__list__item"><a class="primary-nav__list__item__link" data-code="28009" href="/home-and-living/bath/c/28009?navid=flyout-L3-Bath"><span class="primary-nav__list__item__link__text">Bath</span></a></li><li class="primary-nav__list__item"><a class="primary-nav__list__item__link" data-code="36589" href="/computers-electronics/camera-photo/accessories/batteries-chargers/batteries/c/36589?navid=flyout-L3-Batteries"><span class="primary-nav__list__item__link__text">Batteries</span></a></li><li class="primary-nav__list__item"><a class="primary-nav__list__item__link" data-code="28012" href="/home-and-living/floral-garden/c/28012?navid=flyout-L3-Floral-and-Garden"><span class="primary-nav__list__item__link__text">Floral &amp; Garden</span></a></li><li class="primary-nav__list__item"><a class="primary-nav__list__item__link" data-code="28013" href="/home-and-living/furniture/c/28013?navid=flyout-L3-Furniture"><span class="primary-nav__list__item__link__text">Furniture</span></a></li><li class="primary-nav__list__item"><a class="primary-nav__list__item__link" data-code="28015" href="/home-and-living/home-storage-organization/c/28015?navid=flyout-L3-Home-Storage-and-Organization"><span class="primary-nav__list__item__link__text">Home Storage &amp; Organization</span></a></li><li class="primary-nav__list__item"><a class="primary-nav__list__item__link" data-code="28016" href="/home-and-living/irons-steamers-accessories/c/28016?navid=flyout-L3-Irons-Steamers-and-Accessories"><span class="primary-nav__list__item__link__text">Irons, Steamers &amp; Accessories</span></a></li><li class="primary-nav__list__item"><a class="primary-nav__list__item__link" data-code="28018" href="/home-and-living/lighting-ceiling-fans/c/28018?navid=flyout-L3-Lighting-and-Ceiling-Fans"><span class="primary-nav__list__item__link__text">Lighting &amp; Ceiling Fans</span></a></li><li class="primary-nav__list__item"><a class="primary-nav__list__item__link" data-code="28019" href="/home-and-living/seasonal-decor/c/28019?navid=flyout-L3-Seasonal-Decor"><span class="primary-nav__list__item__link__text">Seasonal Decor</span></a></li><li class="primary-nav__list__item"><a class="primary-nav__list__item__link" data-code="39716" href="/home-and-living/sporting-goods/c/39716?navid=flyout-L3-sporting-goods"><span class="primary-nav__list__item__link__text">Sporting Goods</span></a></li><li class="primary-nav__list__item"><a class="primary-nav__list__item__link" data-code="/collections/7CCLLiSrB1I8cquQEUidxI" href="/collections/7CCLLiSrB1I8cquQEUidxI?navid=flyout-L3-must-try-pc-products-he"><span class="primary-nav__list__item__link__text">Must try! New PC Products</span></a></li></ul></li><li class="primary-nav__list__item primary-nav__list__item--with-children"><button class="primary-nav__list__item__link" data-code="RCSS035000000000000000000000" aria-expanded="false" data-aria-current="false"><span class="primary-nav__list__item__link__text">Health &amp; Beauty</span><svg class="MuiSvgIcon-root primary-nav__list__item__link__icon" focusable="false" viewBox="0 0 24 24" aria-hidden="true" style="font-size: 24px;"><path d="M16.59 8.59L12 13.17 7.41 8.59 6 10l6 6 6-6z"></path></svg></button><ul class="primary-nav__list primary-nav__list--level-1" data-code="RCSS035000000000000000000000"><li class="primary-nav__list__item"><a class="primary-nav__list__item__link" data-code="29402" href="/health-beauty/personal-care/sun-care/c/29402?navid=flyout-L3-Sun Care"><span class="primary-nav__list__item__link__text">Sun Care</span></a></li><li class="primary-nav__list__item"><a class="primary-nav__list__item__link" data-code="28140" href="/lawn-garden-patio/insect-pest-control/c/28140?navid=flyout-L3-Insect-Control"><span class="primary-nav__list__item__link__text">Bug Spray</span></a></li><li class="primary-nav__list__item"><a class="primary-nav__list__item__link" data-code="28128" href="/health-beauty/bath-body/c/28128?navid=flyout-L3-Bath-and-Body"><span class="primary-nav__list__item__link__text">Bath &amp; Body</span></a></li><li class="primary-nav__list__item"><a class="primary-nav__list__item__link" data-code="28129" href="/health-beauty/beauty-products/c/28129?navid=flyout-L3-Beauty-Products"><span class="primary-nav__list__item__link__text">Beauty Products</span></a></li><li class="primary-nav__list__item"><a class="primary-nav__list__item__link" data-code="28132" href="/health-beauty/health-care/c/28132?navid=flyout-L3-Health-Care"><span class="primary-nav__list__item__link__text">Health Care</span></a></li><li class="primary-nav__list__item"><a class="primary-nav__list__item__link" data-code="28133" href="/health-beauty/nutrition-wellness/c/28133?navid=flyout-L3-Nutrition-and-Wellness"><span class="primary-nav__list__item__link__text">Nutrition &amp; Wellness</span></a></li><li class="primary-nav__list__item"><a class="primary-nav__list__item__link" data-code="28134" href="/health-beauty/personal-care/c/28134?navid=flyout-L3-Personal-Care"><span class="primary-nav__list__item__link__text">Personal Care</span></a></li></ul></li><li class="primary-nav__list__item primary-nav__list__item--with-children"><button class="primary-nav__list__item__link" data-code="RCSS024000000000000000000000" aria-expanded="false" data-aria-current="false"><span class="primary-nav__list__item__link__text">Pet Supplies</span><svg class="MuiSvgIcon-root primary-nav__list__item__link__icon" focusable="false" viewBox="0 0 24 24" aria-hidden="true" style="font-size: 24px;"><path d="M16.59 8.59L12 13.17 7.41 8.59 6 10l6 6 6-6z"></path></svg></button><ul class="primary-nav__list primary-nav__list--level-1" data-code="RCSS024000000000000000000000"><li class="primary-nav__list__item"><a class="primary-nav__list__item__link" data-code="28038" href="/pet-supplies/birds/c/28038?navid=flyout-L3-Birds"><span class="primary-nav__list__item__link__text">Birds</span></a></li><li class="primary-nav__list__item"><a class="primary-nav__list__item__link" data-code="28039" href="/pet-supplies/cats/c/28039?navid=flyout-L3-Cats"><span class="primary-nav__list__item__link__text">Cats</span></a></li><li class="primary-nav__list__item"><a class="primary-nav__list__item__link" data-code="28040" href="/pet-supplies/dogs/c/28040?navid=flyout-L3-Dogs"><span class="primary-nav__list__item__link__text">Dogs</span></a></li><li class="primary-nav__list__item"><a class="primary-nav__list__item__link" data-code="28042" href="/pet-supplies/fish-aquatic-animals/c/28042?navid=flyout-L3-Fish-and-Aquatic-Animals"><span class="primary-nav__list__item__link__text">Fish &amp; Aquatic Animals</span></a></li><li class="primary-nav__list__item"><a class="primary-nav__list__item__link" data-code="28043" href="/pet-supplies/small-animals/c/28043?navid=flyout-L3-Small-Animals"><span class="primary-nav__list__item__link__text">Small Animals</span></a></li><li class="primary-nav__list__item"><a class="primary-nav__list__item__link" data-code="/collections/024000000000000000000011" href="/collections/024000000000000000000011?navid=flyout-L3-pc-nutrition-first"><span class="primary-nav__list__item__link__text">PC Nutrition First</span></a></li></ul></li><li class="primary-nav__list__item primary-nav__list__item--with-children"><button class="primary-nav__list__item__link" data-code="RCSS030000000000000000000000" aria-expanded="false" data-aria-current="false"><span class="primary-nav__list__item__link__text">Computers &amp; Electronics</span><svg class="MuiSvgIcon-root primary-nav__list__item__link__icon" focusable="false" viewBox="0 0 24 24" aria-hidden="true" style="font-size: 24px;"><path d="M16.59 8.59L12 13.17 7.41 8.59 6 10l6 6 6-6z"></path></svg></button><ul class="primary-nav__list primary-nav__list--level-1" data-code="RCSS030000000000000000000000"><li class="primary-nav__list__item"><a class="primary-nav__list__item__link" data-code="36589" href="/computers-electronics/camera-photo/accessories/batteries-chargers/batteries/c/36589?navid=flyout-L3-Batteries"><span class="primary-nav__list__item__link__text">Batteries</span></a></li><li class="primary-nav__list__item"><a class="primary-nav__list__item__link" data-code="27993" href="/computers-electronics/video-games/c/27993?navid=flyout-L3-video-games-counsoles"><span class="primary-nav__list__item__link__text">Video Games &amp; Consoles</span></a></li><li class="primary-nav__list__item"><a class="primary-nav__list__item__link" data-code="28096" href="/computers-electronics/accessories-supplies/c/28096?navid=flyout-L3-Accessories-and-Supplies"><span class="primary-nav__list__item__link__text">Accessories &amp; Supplies</span></a></li><li class="primary-nav__list__item"><a class="primary-nav__list__item__link" data-code="28097" href="/computers-electronics/automotive-electronics/c/28097?navid=flyout-L3-Automotive-Electronics"><span class="primary-nav__list__item__link__text">Automotive Electronics</span></a></li><li class="primary-nav__list__item"><a class="primary-nav__list__item__link" data-code="28099" href="/computers-electronics/camera-photo/c/28099?navid=flyout-L3-Camera-and-Photo"><span class="primary-nav__list__item__link__text">Camera &amp; Accessories </span></a></li><li class="primary-nav__list__item"><a class="primary-nav__list__item__link" data-code="28101" href="/computers-electronics/computers-accessories/c/28101?navid=flyout-L3-Computers-and-Accessories"><span class="primary-nav__list__item__link__text">Computers &amp; Accessories</span></a></li><li class="primary-nav__list__item"><a class="primary-nav__list__item__link" data-code="28103" href="/computers-electronics/home-audio-video/c/28103?navid=flyout-L3-Home-Audio-and-Video"><span class="primary-nav__list__item__link__text">Home Audio &amp; Video</span></a></li><li class="primary-nav__list__item"><a class="primary-nav__list__item__link" data-code="28104" href="/computers-electronics/portable-electronics/c/28104?navid=flyout-L3-Portable-Electronics"><span class="primary-nav__list__item__link__text">Portable Electronics</span></a></li><li class="primary-nav__list__item"><a class="primary-nav__list__item__link" data-code="28106" href="/computers-electronics/projectors-accessories/c/28106?navid=flyout-L3-Projectors-and-Accessories"><span class="primary-nav__list__item__link__text">Projectors &amp; Accessories</span></a></li><li class="primary-nav__list__item"><a class="primary-nav__list__item__link" data-code="28109" href="/computers-electronics/tablets-e-readers/c/28109?navid=flyout-L3-Tablets-and-E-Readers"><span class="primary-nav__list__item__link__text">Tablets &amp; E-Readers</span></a></li><li class="primary-nav__list__item"><a class="primary-nav__list__item__link" data-code="28111" href="/computers-electronics/television-home-theater/c/28111?navid=flyout-L3-Television-and-Home-Theater"><span class="primary-nav__list__item__link__text">Television &amp; Home Theater</span></a></li></ul></li><li class="primary-nav__list__item primary-nav__list__item--with-children"><button class="primary-nav__list__item__link" data-code="RCSS028000000000000000000000" aria-expanded="false" data-aria-current="false"><span class="primary-nav__list__item__link__text">Office &amp; School Supplies</span><svg class="MuiSvgIcon-root primary-nav__list__item__link__icon" focusable="false" viewBox="0 0 24 24" aria-hidden="true" style="font-size: 24px;"><path d="M16.59 8.59L12 13.17 7.41 8.59 6 10l6 6 6-6z"></path></svg></button><ul class="primary-nav__list primary-nav__list--level-1" data-code="RCSS028000000000000000000000"><li class="primary-nav__list__item"><a class="primary-nav__list__item__link" data-code="28076" href="/office-school-supplies/binders-binding-products/c/28076?navid=flyout-L3-Binders-and-Binding-Products"><span class="primary-nav__list__item__link__text">Binders &amp; Binding Products</span></a></li><li class="primary-nav__list__item"><a class="primary-nav__list__item__link" data-code="28077" href="/office-school-supplies/carrying-cases-bags/c/28077?navid=flyout-L3-Carrying-Cases-and-Bags"><span class="primary-nav__list__item__link__text">Carrying Cases &amp; Bags</span></a></li><li class="primary-nav__list__item"><a class="primary-nav__list__item__link" data-code="28078" href="/office-school-supplies/commercial-signs-displays/c/28078?navid=flyout-L3-Commercial-Signs-and-Displays"><span class="primary-nav__list__item__link__text">Commercial Signs &amp; Displays</span></a></li><li class="primary-nav__list__item"><a class="primary-nav__list__item__link" data-code="28080" href="/office-school-supplies/educational-products-crafts/c/28080?navid=flyout-L3-Educational-Products-and-Crafts"><span class="primary-nav__list__item__link__text">Educational Products &amp; Crafts</span></a></li><li class="primary-nav__list__item"><a class="primary-nav__list__item__link" data-code="28081" href="/office-school-supplies/filing-products/c/28081?navid=flyout-L3-Filing-Products"><span class="primary-nav__list__item__link__text">Filing Products</span></a></li><li class="primary-nav__list__item"><a class="primary-nav__list__item__link" data-code="28082" href="/office-school-supplies/forms-recordkeeping-financial-supplies/c/28082?navid=flyout-L3-Forms-Recordkeeping-and-Financial-Supplies"><span class="primary-nav__list__item__link__text">Forms, Recordkeeping &amp; Financial Supplies</span></a></li><li class="primary-nav__list__item"><a class="primary-nav__list__item__link" data-code="28083" href="/office-school-supplies/labeling-stamps/c/28083?navid=flyout-L3-Labeling-and-Stamps"><span class="primary-nav__list__item__link__text">Labeling &amp; Stamps</span></a></li><li class="primary-nav__list__item"><a class="primary-nav__list__item__link" data-code="28084" href="/office-school-supplies/mailing-supplies/c/28084?navid=flyout-L3-Mailing-Supplies"><span class="primary-nav__list__item__link__text">Mailing Supplies</span></a></li><li class="primary-nav__list__item"><a class="primary-nav__list__item__link" data-code="28085" href="/office-school-supplies/office-electronics/c/28085?navid=flyout-L3-Office-Electronics"><span class="primary-nav__list__item__link__text">Office Electronics</span></a></li><li class="primary-nav__list__item"><a class="primary-nav__list__item__link" data-code="28086" href="/office-school-supplies/office-furniture/c/28086?navid=flyout-L3-Office-Furniture"><span class="primary-nav__list__item__link__text">Office Furniture</span></a></li><li class="primary-nav__list__item"><a class="primary-nav__list__item__link" data-code="28087" href="/office-school-supplies/office-storage-supplies/c/28087?navid=flyout-L3-Office-Storage-Supplies"><span class="primary-nav__list__item__link__text">Office Storage Supplies</span></a></li><li class="primary-nav__list__item"><a class="primary-nav__list__item__link" data-code="28088" href="/office-school-supplies/paper/c/28088?navid=flyout-L3-Paper"><span class="primary-nav__list__item__link__text">Paper</span></a></li><li class="primary-nav__list__item"><a class="primary-nav__list__item__link" data-code="28090" href="/office-school-supplies/presentation-boards/c/28090?navid=flyout-L3-Presentation-Boards"><span class="primary-nav__list__item__link__text">Presentation Boards</span></a></li><li class="primary-nav__list__item"><a class="primary-nav__list__item__link" data-code="28092" href="/office-school-supplies/tape-adhesives-fasteners/c/28092?navid=flyout-L3-Tape-Adhesives-and-Fasteners"><span class="primary-nav__list__item__link__text">Tape, Adhesives &amp; Fasteners</span></a></li><li class="primary-nav__list__item"><a class="primary-nav__list__item__link" data-code="28095" href="/office-school-supplies/writing-correction-supplies/c/28095?navid=flyout-L3-Writing-and-Correction-Supplies"><span class="primary-nav__list__item__link__text">Writing &amp; Correction Supplies</span></a></li><li class="primary-nav__list__item"><a class="primary-nav__list__item__link" data-code="28094" href="/office-school-supplies/workspace-organizers-accessories/c/28094?navid=flyout-L3-Workspace-Organizers-and-Accessories"><span class="primary-nav__list__item__link__text">Workspace Organizers &amp; Accessories</span></a></li></ul></li><li class="primary-nav__list__item primary-nav__list__item--with-children"><button class="primary-nav__list__item__link" data-code="RCSS026000000000000000000000" aria-expanded="false" data-aria-current="false"><span class="primary-nav__list__item__link__text">Toys, Games &amp; Hobbies</span><svg class="MuiSvgIcon-root primary-nav__list__item__link__icon" focusable="false" viewBox="0 0 24 24" aria-hidden="true" style="font-size: 24px;"><path d="M16.59 8.59L12 13.17 7.41 8.59 6 10l6 6 6-6z"></path></svg></button><ul class="primary-nav__list primary-nav__list--level-1" data-code="RCSS026000000000000000000000"><li class="primary-nav__list__item"><a class="primary-nav__list__item__link" data-code="28061" href="/toys-games-hobbies/building-sets-blocks/c/28061?navid=flyout-L3-Building-Sets-and-Blocks"><span class="primary-nav__list__item__link__text">Building Sets &amp; Blocks</span></a></li><li class="primary-nav__list__item"><a class="primary-nav__list__item__link" data-code="28062" href="/toys-games-hobbies/children-s-electronics/c/28062?navid=flyout-L3-Childrens-Electronics"><span class="primary-nav__list__item__link__text">Children's Electronics</span></a></li><li class="primary-nav__list__item"><a class="primary-nav__list__item__link" data-code="28064" href="/toys-games-hobbies/dolls-accessories/c/28064?navid=flyout-L3-Dolls-and-Accessories"><span class="primary-nav__list__item__link__text">Dolls &amp; Accessories</span></a></li><li class="primary-nav__list__item"><a class="primary-nav__list__item__link" data-code="28065" href="/toys-games-hobbies/dress-up-pretend/c/28065?navid=flyout-L3-Dress-Up-and-Pretend"><span class="primary-nav__list__item__link__text">Dress Up &amp; Pretend</span></a></li><li class="primary-nav__list__item"><a class="primary-nav__list__item__link" data-code="28066" href="/toys-games-hobbies/educational-toys/c/28066?navid=flyout-L3-Educational-Toys"><span class="primary-nav__list__item__link__text">Educational Toys</span></a></li><li class="primary-nav__list__item"><a class="primary-nav__list__item__link" data-code="28067" href="/toys-games-hobbies/games/c/28067?navid=flyout-L3-Games"><span class="primary-nav__list__item__link__text">Games</span></a></li><li class="primary-nav__list__item"><a class="primary-nav__list__item__link" data-code="28068" href="/toys-games-hobbies/hobbies/c/28068?navid=flyout-L3-Hobbies"><span class="primary-nav__list__item__link__text">Hobbies</span></a></li><li class="primary-nav__list__item"><a class="primary-nav__list__item__link" data-code="28069" href="/toys-games-hobbies/novelty-toys/c/28069?navid=flyout-L3-Novelty-Toys"><span class="primary-nav__list__item__link__text">Novelty Toys</span></a></li><li class="primary-nav__list__item"><a class="primary-nav__list__item__link" data-code="28070" href="/toys-games-hobbies/outdoor-play/c/28070?navid=flyout-L3-Outdoor-Play"><span class="primary-nav__list__item__link__text">Outdoor Play</span></a></li><li class="primary-nav__list__item"><a class="primary-nav__list__item__link" data-code="28071" href="/toys-games-hobbies/party-supplies/c/28071?navid=flyout-L3-Party-Supplies"><span class="primary-nav__list__item__link__text">Party Supplies</span></a></li><li class="primary-nav__list__item"><a class="primary-nav__list__item__link" data-code="28072" href="/toys-games-hobbies/plush-stuffed-animals-toys/c/28072?navid=flyout-L3-Plush-Stuffed-Animals-and-Toys"><span class="primary-nav__list__item__link__text">Plush Stuffed Animals &amp; Toys</span></a></li><li class="primary-nav__list__item"><a class="primary-nav__list__item__link" data-code="28073" href="/toys-games-hobbies/puzzles/c/28073?navid=flyout-L3-Puzzles"><span class="primary-nav__list__item__link__text">Puzzles</span></a></li><li class="primary-nav__list__item"><a class="primary-nav__list__item__link" data-code="28074" href="/toys-games-hobbies/toddler-toys/c/28074?navid=flyout-L3-Toddler-Toys"><span class="primary-nav__list__item__link__text">Toddler Toys</span></a></li><li class="primary-nav__list__item"><a class="primary-nav__list__item__link" data-code="28075" href="/toys-games-hobbies/vehicles/c/28075?navid=flyout-L3-Vehicles"><span class="primary-nav__list__item__link__text">Vehicles</span></a></li></ul></li><li class="primary-nav__list__item primary-nav__list__item--with-children"><button class="primary-nav__list__item__link" data-code="RCSS038000000000000000000000" aria-expanded="false" data-aria-current="false"><span class="primary-nav__list__item__link__text">Patio, BBQ &amp; Garden</span><svg class="MuiSvgIcon-root primary-nav__list__item__link__icon" focusable="false" viewBox="0 0 24 24" aria-hidden="true" style="font-size: 24px;"><path d="M16.59 8.59L12 13.17 7.41 8.59 6 10l6 6 6-6z"></path></svg></button><ul class="primary-nav__list primary-nav__list--level-1" data-code="RCSS038000000000000000000000"><li class="primary-nav__list__item"><a class="primary-nav__list__item__link" data-code="/collections/4X4mfc7wbf35vbLmtKSCjU" href="/collections/4X4mfc7wbf35vbLmtKSCjU?navid=flyout-L3-Up to 20% Off Grill Accessories"><span class="primary-nav__list__item__link__text">Up to 20% Off Grill Accessories</span></a></li><li class="primary-nav__list__item"><a class="primary-nav__list__item__link" data-code="28139" href="/lawn-garden-patio/grills-outdoor-cooking/c/28139?navid=flyout-L3-Grills-and-Outdoor-Cooking"><span class="primary-nav__list__item__link__text">Grills &amp; Outdoor Cooking</span></a></li><li class="primary-nav__list__item"><a class="primary-nav__list__item__link" data-code="28144" href="/lawn-garden-patio/patio-furniture-accessories/c/28144?navid=flyout-L3-Patio-Furniture-and-Accessories"><span class="primary-nav__list__item__link__text">Patio Furniture &amp; Accessories</span></a></li><li class="primary-nav__list__item"><a class="primary-nav__list__item__link" data-code="28136" href="/lawn-garden-patio/fire-pits-heaters/c/28136?navid=flyout-L3-Fire-Pits-and-Heaters"><span class="primary-nav__list__item__link__text">Fire Pits &amp; Heaters</span></a></li><li class="primary-nav__list__item"><a class="primary-nav__list__item__link" data-code="28140" href="/lawn-garden-patio/insect-pest-control/c/28140?navid=flyout-L3-Insect-and-Pest-Control"><span class="primary-nav__list__item__link__text">Insect &amp; Pest Control</span></a></li><li class="primary-nav__list__item"><a class="primary-nav__list__item__link" data-code="28137" href="/lawn-garden-patio/gardening/c/28137?navid=flyout-L3-Gardening"><span class="primary-nav__list__item__link__text">Gardening</span></a></li><li class="primary-nav__list__item"><a class="primary-nav__list__item__link" data-code="28141" href="/lawn-garden-patio/lawn-mowers-tractors-accessories/c/28141?navid=flyout-L3-Lawn-Mowers-Tractors-and-Accessories"><span class="primary-nav__list__item__link__text">Lawn Mowers, Tractors &amp; Accessories</span></a></li><li class="primary-nav__list__item"><a class="primary-nav__list__item__link" data-code="28145" href="/lawn-garden-patio/pool-hot-tub/c/28145?navid=flyout-L3-Pool-and-Hot-Tub"><span class="primary-nav__list__item__link__text">Pool &amp; Hot Tub</span></a></li><li class="primary-nav__list__item"><a class="primary-nav__list__item__link" data-code="28135" href="/lawn-garden-patio/backyard-wildlife/c/28135?navid=flyout-L3-Backyard-Wildlife"><span class="primary-nav__list__item__link__text">Backyard Wildlife</span></a></li><li class="primary-nav__list__item"><a class="primary-nav__list__item__link" data-code="28143" href="/lawn-garden-patio/outdoor-power-equipment/c/28143?navid=flyout-L3-Outdoor-Power-Equipment"><span class="primary-nav__list__item__link__text">Outdoor Power Equipment</span></a></li><li class="primary-nav__list__item"><a class="primary-nav__list__item__link" data-code="28146" href="/lawn-garden-patio/snow-removal/c/28146?navid=flyout-L3-Snow-Removal"><span class="primary-nav__list__item__link__text">Snow Removal</span></a></li></ul></li><li class="primary-nav__list__item primary-nav__list__item--with-children"><button class="primary-nav__list__item__link" data-code="WhatsNew" aria-expanded="false" data-aria-current="false"><span class="primary-nav__list__item__link__text">Discover</span><svg class="MuiSvgIcon-root primary-nav__list__item__link__icon" focusable="false" viewBox="0 0 24 24" aria-hidden="true" style="font-size: 24px;"><path d="M16.59 8.59L12 13.17 7.41 8.59 6 10l6 6 6-6z"></path></svg></button><ul class="primary-nav__list primary-nav__list--level-1" data-code="WhatsNew"><li class="primary-nav__list__item"><a class="primary-nav__list__item__link" data-code="/purina-beyond" href="/purina-beyond?navid=flyout-L3-purina-beyond"><span class="primary-nav__list__item__link__text">Nestle Purina Pet Food</span></a></li><li class="primary-nav__list__item"><a class="primary-nav__list__item__link" data-code="/summer" href="/summer?navid=flyout-L3-pc-summer-favourites"><span class="primary-nav__list__item__link__text">PC Summer Favourites</span></a></li><li class="primary-nav__list__item"><a class="primary-nav__list__item__link" data-code="/summergrilling" href="/summergrilling?navid=flyout-L3-summer-grilling"><span class="primary-nav__list__item__link__text">Summer Grilling</span></a></li><li class="primary-nav__list__item"><a class="primary-nav__list__item__link" data-code="/collections/4X4mfc7wbf35vbLmtKSCjU" href="/collections/4X4mfc7wbf35vbLmtKSCjU?navid=flyout-L3-Up to 20% Off Grill Accessories"><span class="primary-nav__list__item__link__text">Up to 20% Off Grill Accessories</span></a></li><li class="primary-nav__list__item"><a class="primary-nav__list__item__link" data-code="/great-outdoors" href="/great-outdoors?navid=flyout-L3-Camping Essentials"><span class="primary-nav__list__item__link__text">Camping Essentials</span></a></li><li class="primary-nav__list__item"><a class="primary-nav__list__item__link" data-code="/outdoor-living" href="/outdoor-living?navid=flyout-L3-Outdoor-Living"><span class="primary-nav__list__item__link__text">Outdoor Living</span></a></li><li class="primary-nav__list__item"><a class="primary-nav__list__item__link" data-code="/quaker-made-in-canada" href="/quaker-made-in-canada?navid=flyout-L3-/quaker-made-in-canada"><span class="primary-nav__list__item__link__text">Quaker Products</span></a></li><li class="primary-nav__list__item"><a class="primary-nav__list__item__link" data-code="/natural-foods" href="/natural-foods?navid=flyout-L3-natural-food-options"><span class="primary-nav__list__item__link__text">Natural Food Options</span></a></li><li class="primary-nav__list__item"><a class="primary-nav__list__item__link" data-code="/get-it-shipped" href="/get-it-shipped?navid=flyout-L3-Ship-to-Home"><span class="primary-nav__list__item__link__text">Ship-to-home</span></a></li><li class="primary-nav__list__item"><a class="primary-nav__list__item__link" data-code="/browse-by-brand" href="/browse-by-brand?navid=flyout-L3-Browse-by-Brand"><span class="primary-nav__list__item__link__text">Browse By Brand</span></a></li></ul></li><li class="primary-nav__list__item primary-nav__list__item--with-children"><button class="primary-nav__list__item__link" data-code="flyers-deals" aria-expanded="false" data-aria-current="false"><span class="primary-nav__list__item__link__text">Flyers &amp; Deals</span><svg class="MuiSvgIcon-root primary-nav__list__item__link__icon" focusable="false" viewBox="0 0 24 24" aria-hidden="true" style="font-size: 24px;"><path d="M16.59 8.59L12 13.17 7.41 8.59 6 10l6 6 6-6z"></path></svg></button><ul class="primary-nav__list primary-nav__list--level-1" data-code="flyers-deals"><li class="primary-nav__list__item"><a class="primary-nav__list__item__link" data-code="/print-flyer" href="/print-flyer?navid=flyout-L3-Flyer"><span class="primary-nav__list__item__link__text">Flyer</span></a></li><li class="primary-nav__list__item"><a class="primary-nav__list__item__link" data-code="/deals/all" href="/deals/all?navid=flyout-L3-All-Deals"><span class="primary-nav__list__item__link__text">All Deals</span></a></li><li class="primary-nav__list__item"><a class="primary-nav__list__item__link" data-code="/deals/coupons" href="/deals/coupons?navid=flyout-L3-Coupons"><span class="primary-nav__list__item__link__text">Coupons</span></a></li><li class="primary-nav__list__item"><a class="primary-nav__list__item__link" data-code="/ship-to-home-offers" href="/ship-to-home-offers?navid=flyout-L3-ship-to-home-offers"><span class="primary-nav__list__item__link__text">Ship-to-home offers</span></a></li></ul></li><li class="primary-nav__list__item primary-nav__list__item--with-children"><button class="primary-nav__list__item__link" data-code="services" aria-expanded="false" data-aria-current="false"><span class="primary-nav__list__item__link__text">Services</span><svg class="MuiSvgIcon-root primary-nav__list__item__link__icon" focusable="false" viewBox="0 0 24 24" aria-hidden="true" style="font-size: 24px;"><path d="M16.59 8.59L12 13.17 7.41 8.59 6 10l6 6 6-6z"></path></svg></button><ul class="primary-nav__list primary-nav__list--level-1" data-code="services"><li class="primary-nav__list__item"><a class="primary-nav__list__item__link" data-code="/pharmacy" href="/pharmacy?navid=flyout-L3-Pharmacy"><span class="primary-nav__list__item__link__text">Pharmacy</span></a></li><li class="primary-nav__list__item"><a class="primary-nav__list__item__link" data-code="/dietitians?navid=dieticians" href="/dietitians?navid=dieticians&amp;navid=Dietitians"><span class="primary-nav__list__item__link__text">Dietitians</span></a></li><li class="primary-nav__list__item"><a class="primary-nav__list__item__link" data-code="/optical?navid=optical" href="/optical?navid=optical&amp;navid=Optical"><span class="primary-nav__list__item__link__text">Optical</span></a></li><li class="primary-nav__list__item"><a class="primary-nav__list__item__link" data-code="/medical-clinics?navid=medical-clinics" href="/medical-clinics?navid=medical-clinics&amp;navid=Medical Clinics"><span class="primary-nav__list__item__link__text">Medical Clinics</span></a></li><li class="primary-nav__list__item"><a href="https://erefill.yourhealthmattershere.ca/lcl-erefill-services/home/en_CA/welcome?navid=flyout-L3-perscription-management" aria-describedby="describe-link-opens-new-tab" target="_blank" rel="noopener noreferrer" class="primary-nav__list__item__link" data-code="https://erefill.yourhealthmattershere.ca/lcl-erefill-services/home/en_CA/welcome" data-is-external-link="true"><span class="primary-nav__list__item__link__text">Prescription Management </span></a></li></ul></li></ul></nav></div></section><section class="mobile-menu__side-menu__section mobile-menu__side-menu__section--pc-optimum"><a class="mobile-menu__side-menu__section__link" href="/loyalty/loyaltyOffers?navid=superheader"><span>PC Optimum</span></a></section></div><button class="mobile-menu__button" data-auid="mobile-menu-button"><svg class="MuiSvgIcon-root" focusable="false" viewBox="0 0 24 24" aria-hidden="true"><path d="M3 18h18v-2H3v2zm0-5h18v-2H3v2zm0-7v2h18V6H3z"></path></svg><label class="sr-only sr-only-focusable"><span>Open Menu</span></label></button></div><div class="mobile-site-header__logo"><a class="logo logo--site-header" href="/"><img class="logo__image logo__image--superstore logo__image--site-header" alt="Real Canadian Superstore" src="//d3rzy2hoo29vi.cloudfront.net/assets/img/logos/superstore_v2.svg"></a></div><div class="fulfillment-mode"><button data-cruller="fulfillment-mode-button" data-cruller-extra="fulfillment-mode-button" class="fulfillment-mode-button fulfillment-mode-button--start-order" aria-expanded="false" aria-label="View location: "><div class="fulfillment-mode-button__content"><svg class="MuiSvgIcon-root fulfillment-mode-button__icon" focusable="false" viewBox="0 0 24 24" aria-hidden="true"><path d="M12 2C8.13 2 5 5.13 5 9c0 5.25 7 13 7 13s7-7.75 7-13c0-3.87-3.13-7-7-7zM7 9c0-2.76 2.24-5 5-5s5 2.24 5 5c0 2.88-2.88 7.19-5 9.88C9.92 16.21 7 11.85 7 9z"></path><circle cx="12" cy="9" r="2.5"></circle></svg></div></button></div><a class="mobile-mini-cart-button mobile-mini-cart-button--exp-BX-2903-cart-background-color" data-auid="mini-cart-button" href="/cartReview"><div class="cart-item-count cart-item-count--length-0"><svg class="MuiSvgIcon-root cart-item-count__icon" focusable="false" viewBox="0 0 24 24" aria-hidden="true"><path d="M15.55 13c.75 0 1.41-.41 1.75-1.03l3.58-6.49c.37-.66-.11-1.48-.87-1.48H5.21l-.94-2H1v2h2l3.6 7.59-1.35 2.44C4.52 15.37 5.48 17 7 17h12v-2H7l1.1-2h7.45zM6.16 6h12.15l-2.76 5H8.53L6.16 6zM7 18c-1.1 0-1.99.9-1.99 2S5.9 22 7 22s2-.9 2-2-.9-2-2-2zm10 0c-1.1 0-1.99.9-1.99 2s.89 2 1.99 2 2-.9 2-2-.9-2-2-2z"></path></svg><span class="cart-item-count__text" data-cruller="mini-cart-item-count">0</span></div></a></div><form class="search-form search-form--site-header search-form--exp-BX-2795-border-radius"><div class="search-form__typeahead" data-track-typeahead-query="apple" data-track-characters-count="5" data-track-no-of-mkt-search-results="204" data-track-no-of-search-results="465"><div class="search-input search-input--site-header search-input--exp-BX-2795-border-radius"><label class="sr-only sr-only-focusable" for="autocomplete-listbox-site-header-apple"><span>Search for product</span></label><svg class="MuiSvgIcon-root search-input__search-icon" focusable="false" viewBox="0 0 24 24" aria-hidden="true" style="font-size: 30px;"><path d="M15.5 14h-.79l-.28-.27C15.41 12.59 16 11.11 16 9.5 16 5.91 13.09 3 9.5 3S3 5.91 3 9.5 5.91 16 9.5 16c1.61 0 3.09-.59 4.23-1.57l.27.28v.79l5 4.99L20.49 19l-4.99-5zm-6 0C7.01 14 5 11.99 5 9.5S7.01 5 9.5 5 14 7.01 14 9.5 11.99 14 9.5 14z"></path></svg><input class="search-input__input" placeholder="Search for product" autocomplete="off" data-auid="search-form-input" id="autocomplete-listbox-site-header-apple" data-cruller="search-input" maxlength="100" role="combobox" aria-autocomplete="list" aria-controls="autocomplete-listbox" aria-expanded="false" aria-describedby="search-input__input" value="apple"></div><button type="reset" class="clear-button clear-button--site-header" title="Clear Search" aria-label="Clear Search"><svg class="MuiSvgIcon-root clear-button__close-icon" focusable="false" viewBox="0 0 24 24" aria-hidden="true" style="font-size: 30px;"><path d="M19 6.41L17.59 5 12 10.59 6.41 5 5 6.41 10.59 12 5 17.59 6.41 19 12 13.41 17.59 19 19 17.59 13.41 12z"></path></svg></button><ul class="typeahead-suggestion-list typeahead-suggestion-list--site-header" data-track-n-of-suggestions="0" role="listbox" id="autocomplete-listbox"></ul></div><button type="submit" class="submit-button submit-button--site-header" title="Submit Search" aria-label="Submit Search"><svg class="MuiSvgIcon-root submit-button__search-icon" focusable="false" viewBox="0 0 24 24" aria-hidden="true" style="font-size: 23px; vertical-align: middle;"><path d="M15.5 14h-.79l-.28-.27C15.41 12.59 16 11.11 16 9.5 16 5.91 13.09 3 9.5 3S3 5.91 3 9.5 5.91 16 9.5 16c1.61 0 3.09-.59 4.23-1.57l.27.28v.79l5 4.99L20.49 19l-4.99-5zm-6 0C7.01 14 5 11.99 5 9.5S7.01 5 9.5 5 14 7.01 14 9.5 11.99 14 9.5 14z"></path></svg></button></form></header></div></div></div><div class="site-layout__content" style="margin-top: 100px;"><main class="site-content" id="site-content"><div data-track-search-type="product:grocery" data-track-search-technology="organic" data-track-mkt-search-is-null="false" data-auid="search-page" data-track-algorithm-array="{&quot;requestid&quot;:&quot;3b61ce4b-7776-4005-8d6e-63636dab039f&quot;,&quot;results&quot;:&quot;to:669|gr:465|ma:204&quot;,&quot;version&quot;:&quot;TwoStageRanking&quot;}" data-track-no-of-mkt-search-results="204" data-track-alt-search-term="" data-track-internal-search-term="apple" data-track-no-of-search-results="465" data-track-search-request-id="3b61ce4b-7776-4005-8d6e-63636dab039f" data-track-search-model-name="TwoStageRanking"><div class="page-layout page-layout--search-page search-page null"><div class="search-page__result"><div class="page-title page-title--search-page"><h1 class="page-title__title">465 Results for "APPLE"</h1></div><div class="with-tab-view" data-cruller="tabs-view"><div><nav class="tabs tabs--with-tab-view" data-cruller="tabs-with-tab-view"><a href="#" class="tab tab--active tab--with-tab-view" data-cruller="tab-item-0" data-is-external-link="true"><span class="tab__title" data-cruller="tab-item-title">Superstore</span><span class="tab__counter" data-cruller="tab-item-count">(465)</span></a><a href="#" class="tab tab--inactive tab--with-tab-view" data-cruller="tab-item-1" data-is-external-link="true"><span class="tab__title" data-cruller="tab-item-title">Ship-to-home</span><span class="tab__counter" data-cruller="tab-item-count">(204)</span></a></nav><div class="shop-beyond-store shop-beyond-store--og"><div class="shop-beyond-store__tiles shop-beyond-store__tiles--og"><div class="shop-beyond-store__tiles__tile shop-beyond-store__tiles__tile--og"><div class="shop-beyond-store__tiles__tile__image shop-beyond-store__tiles__tile__image--og shop-beyond-store__tiles__tile__image--spyGlass"></div><div class="shop-beyond-store__tiles__tile__text shop-beyond-store__tiles__tile__text--og shop-beyond-store__tiles__tile__text--exp-banner"><span>Discover more products, from home decor to baby gear, shipped right to your door.</span><a class="shop-beyond-store__tiles__tile__text__link shop-beyond-store__tiles__tile__text__link-- shop-beyond-store__tiles__tile__text__link--exp-banner" href="/search?search-bar=apple&amp;tab=marketPlace&amp;sort=relevance&amp;icid=oebanner_test"><span>Shop Ship-to-home Items</span><svg class="MuiSvgIcon-root shop-beyond-store__tiles__tile__text__link__icon" focusable="false" viewBox="0 0 24 24" aria-hidden="true" style="font-size: 25px;"><path d="M10 6L8.59 7.41 13.17 12l-4.58 4.59L10 18l6-6z"></path></svg></a></div></div></div></div><div class="product-grid" data-track-product-component="product-grid" data-cruller="product-grid-loaded"><div class="product-grid__filters"><button class="filter-by-button"><span>Filter By</span><svg class="MuiSvgIcon-root filter-by-button__icon" focusable="false" viewBox="0 0 24 24" aria-hidden="true"><path d="M7.41 8.59L12 13.17l4.59-4.58L18 10l-6 6-6-6 1.41-1.41z"></path></svg></button><div class="search-marketing-tiles"><div class="marketing-promo marketing-promo--search-marketing-tiles"><a class="marketing-promo__link marketing-promo__link--search-marketing-tiles" href="/kelloggs?icid=ve_kel08_gr_kelloggs-pco-pccc_20210617_20210623_sb"><img class="responsive-image responsive-image--marketing-promo-search-marketing-tiles responsive-image--loading-failed" alt="PC Optimum logo. Buy 2 family packs of Kellogg's cereal. Get 4,000 PC Optimum points and Kellogg will donate $1 to PC childrens charity to help fight childhood hunger. Product availability varies by store, one or more featured products may or may not be available at a certain store location, visit store specific webpage for details. Shop now." src="//assets.shop.loblaws.ca/products/NoImage/b2/en/front/NoImage_front_a06.png" srcset=""></a></div><div class="marketing-promo marketing-promo--search-marketing-tiles"><a class="marketing-promo__link marketing-promo__link--search-marketing-tiles" href="/spongetowels?icid=ve_kru_gr_sponge-towel-2_20210617_20210623_sb"><img class="responsive-image responsive-image--marketing-promo-search-marketing-tiles responsive-image--loading-failed" alt="Image of sponge towel. Strongest most absorbent' Try it for free (while supplies last) Enter Code: ULTRAPRO Shop now" src="//assets.shop.loblaws.ca/products/NoImage/b2/en/front/NoImage_front_a06.png" srcset=""></a></div></div></div><div class="product-grid__results"><div class="product-grid__results__header"><div class="sort-selector" role="group" aria-labelledby="sort-selector__label"><span class="sort-selector__label" id="sort-selector__label"><span>Sort By</span></span><span class="styled-dropdown styled-dropdown--sort-selector"><span class="styled-dropdown__selected-item"><button class="styled-dropdown__selected-item-link" data-sort-code="recommended">Relevance<svg class="MuiSvgIcon-root styled-dropdown__selected-item__icon" focusable="false" viewBox="0 0 24 24" aria-hidden="true" style="font-size: 25px;"><path d="M16.59 8.59L12 13.17 7.41 8.59 6 10l6 6 6-6z"></path></svg></button></span><ul class="styled-dropdown__list"><li class="styled-dropdown__list-item styled-dropdown__list-item--selected"><button class="styled-dropdown__list-item-link" data-option-value="recommended" data-cruller="styled-dropdown-item-selected" data-track="searchSortButton" data-track-sort-type="Relevance" aria-pressed="true">Relevance</button></li><li class="styled-dropdown__list-item"><button class="styled-dropdown__list-item-link" data-option-value="price-asc" data-cruller="styled-dropdown-item" data-track="searchSortButton" data-track-sort-type="Price-Low-to-High" aria-pressed="false">Price (Low to High)</button></li><li class="styled-dropdown__list-item"><button class="styled-dropdown__list-item-link" data-option-value="price-desc" data-cruller="styled-dropdown-item" data-track="searchSortButton" data-track-sort-type="Price-High-to-Low" aria-pressed="false">Price (High to Low)</button></li><li class="styled-dropdown__list-item"><button class="styled-dropdown__list-item-link" data-option-value="title-asc" data-cruller="styled-dropdown-item" data-track="searchSortButton" data-track-sort-type="A-Z-alphabetical" aria-pressed="false">A-Z (alphabetical)</button></li></ul></span></div><span class="pagination__non-mobile-text"><span>1-48 / 465 Results</span></span><span class="pagination__mobile-only-text">1-48 / 465</span></div><div class="product-grid__results__products"><div class="product-tile-group product-tile-group--product-grid product-tile-group--flex"><ul class="product-tile-group__list product-tile-group__list--total-48" data-cruller="product-tile-group" data-track-product-component="product-grid"><li class="product-tile-group__list__item" data-auid="product-tile"><div class="product-tracking" data-track-article-number="20083526001" data-track-product-id="20083526001_KG" data-track-products-array="[{&quot;productSKU&quot;:&quot;20083526001_KG&quot;,&quot;productName&quot;:&quot;Royal Gala Apples&quot;,&quot;productBrand&quot;:null,&quot;productCatalog&quot;:&quot;grocery&quot;,&quot;productVendor&quot;:null,&quot;productPrice&quot;:&quot;0.92&quot;,&quot;productQuantity&quot;:null,&quot;dealBadge&quot;:null,&quot;loyaltyBadge&quot;:&quot;false&quot;,&quot;textBadge&quot;:&quot;&quot;,&quot;productPosition&quot;:1,&quot;productOrderId&quot;:null,&quot;productVariant&quot;:null,&quot;subProduct&quot;:null}]" data-track-algorithm-selected-position-array="{&quot;selectedPosition&quot;:&quot;to:1|or:1|sp:null&quot;}" data-track-loyalty-badge="false"><div class="product-tile product-tile--marketplace" data-track-product-index="1" data-auid="product-tile"><div class="product-tile__eyebrow" data-cruller="product-tile-eyebrow"><div class="product-badge__text product-badge__text--product-tile"></div></div><div class="product-tile__thumbnail"><div class="product-tile__thumbnail__image"><img class="responsive-image responsive-image--" alt="Royal Gala Apples" src="https://assets.shop.loblaws.ca/products/20083526001/b1/en/front/20083526001_front_a01_@2.png" srcset="https://assets.shop.loblaws.ca/products/20083526001/b1/en/front/20083526001_front_a01_@2.png 1x, https://assets.shop.loblaws.ca/products/20083526001/b1/en/front/20083526001_front_a01_@2.png 2x"><div class="product-in-cart-flag"></div><button class="quickview-button" data-track="productQuickviewButton" data-cruller="productQuickviewButton"><span>Quick View</span><span class="sr-only sr-only-focusable">Royal Gala Apples</span></button></div></div><div class="product-tile__details"><div class="product-tile__details__info"><h3 class="product-tile__details__info__name"><a class="product-tile__details__info__name__link" data-cruller="product-tile-title-link" href="/royal-gala-apples/p/20083526001_KG"><span class="product-name product-name--product-tile"><span class="product-name__item product-name__item--name" title="Royal Gala Apples">Royal Gala Apples</span></span></a></h3><div class="product-tile__details__info__section"><div class="product-tile-deal-badge"></div><div class="product-tile__details__info__text-badge"></div><div class="product-prices product-prices--product-tile"><div class="selling-price-list selling-price-list--product-tile"><div class="selling-price-list__item"><span class="price selling-price-list__item__price selling-price-list__item__price--now-price"><span class="price__value selling-price-list__item__price selling-price-list__item__price--now-price__value">$0.92</span><span class="price__type selling-price-list__item__price selling-price-list__item__price--now-price__type"><span>(est.)</span></span><span class="price__unit selling-price-list__item__price selling-price-list__item__price--now-price__unit">ea</span></span></div></div><ul class="comparison-price-list comparison-price-list--product-tile"><li class="comparison-price-list__item"><span class="price comparison-price-list__item__price"><span class="price__value comparison-price-list__item__price__value">$4.37</span><span class="price__unit comparison-price-list__item__price__unit">/ 1kg</span></span></li><li class="comparison-price-list__item"><span class="price comparison-price-list__item__price"><span class="price__value comparison-price-list__item__price__value">$1.98</span><span class="price__unit comparison-price-list__item__price__unit">/ 1lb</span></span></li></ul></div></div></div><div class="product-button-group product-button-group--product-tile product-button-group--add-to-list-button product-button-group--inactive" data-cruller="conditional-content-inactive"><button class="quantity-selector quantity-selector--update quantity-selector--horizontal quantity-selector--product-tile quantity-selector--add-to-cart quantity-selector--add-to-list-button" data-track="productAddToCartLocalize" data-track-product-quantity="1" data-track-link-name="add-to-cart-open" data-track-products-array="[{&quot;productSKU&quot;:&quot;20083526001_KG&quot;,&quot;productName&quot;:&quot;Royal Gala Apples&quot;,&quot;productBrand&quot;:null,&quot;productCatalog&quot;:&quot;grocery&quot;,&quot;productVendor&quot;:null,&quot;productPrice&quot;:&quot;0.92&quot;,&quot;productQuantity&quot;:1,&quot;dealBadge&quot;:null,&quot;loyaltyBadge&quot;:&quot;false&quot;,&quot;textBadge&quot;:&quot;&quot;,&quot;productPosition&quot;:null,&quot;productOrderId&quot;:null,&quot;productVariant&quot;:null,&quot;subProduct&quot;:null}]" data-cruller="quantity-selector-add-to-cart"><span>Add</span></button></div></div></div></div></li><li class="product-tile-group__list__item" data-auid="product-tile"><div class="product-tracking" data-track-article-number="20767998001" data-track-product-id="20767998001_EA" data-track-products-array="[{&quot;productSKU&quot;:&quot;20767998001_EA&quot;,&quot;productName&quot;:&quot;Gala Apples 4lb Bag&quot;,&quot;productBrand&quot;:&quot;Farmer's Market&quot;,&quot;productCatalog&quot;:&quot;grocery&quot;,&quot;productVendor&quot;:null,&quot;productPrice&quot;:&quot;5.98&quot;,&quot;productQuantity&quot;:null,&quot;dealBadge&quot;:null,&quot;loyaltyBadge&quot;:&quot;false&quot;,&quot;textBadge&quot;:&quot;&quot;,&quot;productPosition&quot;:2,&quot;productOrderId&quot;:null,&quot;productVariant&quot;:null,&quot;subProduct&quot;:null}]" data-track-algorithm-selected-position-array="{&quot;selectedPosition&quot;:&quot;to:2|or:2|sp:null&quot;}" data-track-loyalty-badge="false"><div class="product-tile product-tile--marketplace" data-track-product-index="2" data-auid="product-tile"><div class="product-tile__eyebrow" data-cruller="product-tile-eyebrow"><div class="product-badge__text product-badge__text--product-tile"></div></div><div class="product-tile__thumbnail"><div class="product-tile__thumbnail__image"><img class="responsive-image responsive-image--" alt="Gala Apples 4lb Bag" src="https://assets.shop.loblaws.ca/products/20767998001/b1/en/front/20767998001_front_a01_@2.png" srcset="https://assets.shop.loblaws.ca/products/20767998001/b1/en/front/20767998001_front_a01_@2.png 1x, https://assets.shop.loblaws.ca/products/20767998001/b1/en/front/20767998001_front_a01_@2.png 2x"><div class="product-in-cart-flag"></div><button class="quickview-button" data-track="productQuickviewButton" data-cruller="productQuickviewButton"><span>Quick View</span><span class="sr-only sr-only-focusable">Gala Apples 4lb Bag</span></button></div></div><div class="product-tile__details"><div class="product-tile__details__info"><h3 class="product-tile__details__info__name"><a class="product-tile__details__info__name__link" data-cruller="product-tile-title-link" href="/gala-apples-4lb-bag/p/20767998001_EA"><span class="product-name product-name--product-tile"><span class="product-name__item product-name__item--brand">Farmer's Market</span><span class="product-name__item product-name__item--name" title="Gala Apples 4lb Bag">Gala Apples 4lb Bag</span><span class="product-name__item product-name__item--package-size">4 lb bag</span></span></a></h3><div class="product-tile__details__info__section"><div class="product-tile-deal-badge"></div><div class="product-tile__details__info__text-badge"></div><div class="product-prices product-prices--product-tile"><div class="selling-price-list selling-price-list--product-tile"><div class="selling-price-list__item"><span class="price selling-price-list__item__price selling-price-list__item__price--now-price"><span class="price__value selling-price-list__item__price selling-price-list__item__price--now-price__value">$5.98</span><span class="price__unit selling-price-list__item__price selling-price-list__item__price--now-price__unit">ea</span></span></div></div><ul class="comparison-price-list comparison-price-list--product-tile"><li class="comparison-price-list__item"><span class="price comparison-price-list__item__price"><span class="price__value comparison-price-list__item__price__value">$0.33</span><span class="price__unit comparison-price-list__item__price__unit">/ 100g</span></span></li></ul></div></div></div><div class="product-button-group product-button-group--product-tile product-button-group--add-to-list-button product-button-group--inactive" data-cruller="conditional-content-inactive"><button class="quantity-selector quantity-selector--update quantity-selector--horizontal quantity-selector--product-tile quantity-selector--add-to-cart quantity-selector--add-to-list-button" data-track="productAddToCartLocalize" data-track-product-quantity="1" data-track-link-name="add-to-cart-open" data-track-products-array="[{&quot;productSKU&quot;:&quot;20767998001_EA&quot;,&quot;productName&quot;:&quot;Gala Apples 4lb Bag&quot;,&quot;productBrand&quot;:&quot;Farmer's Market&quot;,&quot;productCatalog&quot;:&quot;grocery&quot;,&quot;productVendor&quot;:null,&quot;productPrice&quot;:&quot;5.98&quot;,&quot;productQuantity&quot;:1,&quot;dealBadge&quot;:null,&quot;loyaltyBadge&quot;:&quot;false&quot;,&quot;textBadge&quot;:&quot;&quot;,&quot;productPosition&quot;:null,&quot;productOrderId&quot;:null,&quot;productVariant&quot;:null,&quot;subProduct&quot;:null}]" data-cruller="quantity-selector-add-to-cart"><span>Add</span></button></div></div></div></div></li><li class="product-tile-group__list__item" data-auid="product-tile"><div class="product-tracking" data-track-article-number="20132621001" data-track-product-id="20132621001_KG" data-track-products-array="[{&quot;productSKU&quot;:&quot;20132621001_KG&quot;,&quot;productName&quot;:&quot;Honeycrisp Apples&quot;,&quot;productBrand&quot;:null,&quot;productCatalog&quot;:&quot;grocery&quot;,&quot;productVendor&quot;:null,&quot;productPrice&quot;:&quot;1.58&quot;,&quot;productQuantity&quot;:null,&quot;dealBadge&quot;:null,&quot;loyaltyBadge&quot;:&quot;false&quot;,&quot;textBadge&quot;:&quot;&quot;,&quot;productPosition&quot;:3,&quot;productOrderId&quot;:null,&quot;productVariant&quot;:null,&quot;subProduct&quot;:null}]" data-track-algorithm-selected-position-array="{&quot;selectedPosition&quot;:&quot;to:3|or:3|sp:null&quot;}" data-track-loyalty-badge="false"><div class="product-tile product-tile--marketplace" data-track-product-index="3" data-auid="product-tile"><div class="product-tile__eyebrow" data-cruller="product-tile-eyebrow"><div class="product-badge__text product-badge__text--product-tile"></div></div><div class="product-tile__thumbnail"><div class="product-tile__thumbnail__image"><img class="responsive-image responsive-image--" alt="Honeycrisp Apples" src="https://assets.shop.loblaws.ca/products/20132621001/b1/en/front/20132621001_front_a01_@2.png" srcset="https://assets.shop.loblaws.ca/products/20132621001/b1/en/front/20132621001_front_a01_@2.png 1x, https://assets.shop.loblaws.ca/products/20132621001/b1/en/front/20132621001_front_a01_@2.png 2x"><div class="product-in-cart-flag"></div><button class="quickview-button" data-track="productQuickviewButton" data-cruller="productQuickviewButton"><span>Quick View</span><span class="sr-only sr-only-focusable">Honeycrisp Apples</span></button></div></div><div class="product-tile__details"><div class="product-tile__details__info"><h3 class="product-tile__details__info__name"><a class="product-tile__details__info__name__link" data-cruller="product-tile-title-link" href="/honeycrisp-apples/p/20132621001_KG"><span class="product-name product-name--product-tile"><span class="product-name__item product-name__item--name" title="Honeycrisp Apples">Honeycrisp Apples</span></span></a></h3><div class="product-tile__details__info__section"><div class="product-tile-deal-badge"></div><div class="product-tile__details__info__text-badge"></div><div class="product-prices product-prices--product-tile"><div class="selling-price-list selling-price-list--product-tile"><div class="selling-price-list__item"><span class="price selling-price-list__item__price selling-price-list__item__price--now-price"><span class="price__value selling-price-list__item__price selling-price-list__item__price--now-price__value">$1.58</span><span class="price__type selling-price-list__item__price selling-price-list__item__price--now-price__type"><span>(est.)</span></span><span class="price__unit selling-price-list__item__price selling-price-list__item__price--now-price__unit">ea</span></span></div></div><ul class="comparison-price-list comparison-price-list--product-tile"><li class="comparison-price-list__item"><span class="price comparison-price-list__item__price"><span class="price__value comparison-price-list__item__price__value">$6.57</span><span class="price__unit comparison-price-list__item__price__unit">/ 1kg</span></span></li><li class="comparison-price-list__item"><span class="price comparison-price-list__item__price"><span class="price__value comparison-price-list__item__price__value">$2.98</span><span class="price__unit comparison-price-list__item__price__unit">/ 1lb</span></span></li></ul></div></div></div><div class="product-button-group product-button-group--product-tile product-button-group--add-to-list-button product-button-group--inactive" data-cruller="conditional-content-inactive"><button class="quantity-selector quantity-selector--update quantity-selector--horizontal quantity-selector--product-tile quantity-selector--add-to-cart quantity-selector--add-to-list-button" data-track="productAddToCartLocalize" data-track-product-quantity="1" data-track-link-name="add-to-cart-open" data-track-products-array="[{&quot;productSKU&quot;:&quot;20132621001_KG&quot;,&quot;productName&quot;:&quot;Honeycrisp Apples&quot;,&quot;productBrand&quot;:null,&quot;productCatalog&quot;:&quot;grocery&quot;,&quot;productVendor&quot;:null,&quot;productPrice&quot;:&quot;1.58&quot;,&quot;productQuantity&quot;:1,&quot;dealBadge&quot;:null,&quot;loyaltyBadge&quot;:&quot;false&quot;,&quot;textBadge&quot;:&quot;&quot;,&quot;productPosition&quot;:null,&quot;productOrderId&quot;:null,&quot;productVariant&quot;:null,&quot;subProduct&quot;:null}]" data-cruller="quantity-selector-add-to-cart"><span>Add</span></button></div></div></div></div></li><li class="product-tile-group__list__item" data-auid="product-tile"><div class="product-tracking" data-track-article-number="20253488001" data-track-product-id="20253488001_KG" data-track-products-array="[{&quot;productSKU&quot;:&quot;20253488001_KG&quot;,&quot;productName&quot;:&quot;Granny Smith Apples&quot;,&quot;productBrand&quot;:null,&quot;productCatalog&quot;:&quot;grocery&quot;,&quot;productVendor&quot;:null,&quot;productPrice&quot;:&quot;1.09&quot;,&quot;productQuantity&quot;:null,&quot;dealBadge&quot;:null,&quot;loyaltyBadge&quot;:&quot;false&quot;,&quot;textBadge&quot;:&quot;&quot;,&quot;productPosition&quot;:4,&quot;productOrderId&quot;:null,&quot;productVariant&quot;:null,&quot;subProduct&quot;:null}]" data-track-algorithm-selected-position-array="{&quot;selectedPosition&quot;:&quot;to:4|or:4|sp:null&quot;}" data-track-loyalty-badge="false"><div class="product-tile product-tile--marketplace" data-track-product-index="4" data-auid="product-tile"><div class="product-tile__eyebrow" data-cruller="product-tile-eyebrow"><div class="product-badge__text product-badge__text--product-tile"></div></div><div class="product-tile__thumbnail"><div class="product-tile__thumbnail__image"><img class="responsive-image responsive-image--" alt="Granny Smith Apples" src="https://assets.shop.loblaws.ca/products/20253488001/b1/en/front/20253488001_front_a01_@2.png" srcset="https://assets.shop.loblaws.ca/products/20253488001/b1/en/front/20253488001_front_a01_@2.png 1x, https://assets.shop.loblaws.ca/products/20253488001/b1/en/front/20253488001_front_a01_@2.png 2x"><div class="product-in-cart-flag"></div><button class="quickview-button" data-track="productQuickviewButton" data-cruller="productQuickviewButton"><span>Quick View</span><span class="sr-only sr-only-focusable">Granny Smith Apples</span></button></div></div><div class="product-tile__details"><div class="product-tile__details__info"><h3 class="product-tile__details__info__name"><a class="product-tile__details__info__name__link" data-cruller="product-tile-title-link" href="/granny-smith-apples/p/20253488001_KG"><span class="product-name product-name--product-tile"><span class="product-name__item product-name__item--name" title="Granny Smith Apples">Granny Smith Apples</span></span></a></h3><div class="product-tile__details__info__section"><div class="product-tile-deal-badge"></div><div class="product-tile__details__info__text-badge"></div><div class="product-prices product-prices--product-tile"><div class="selling-price-list selling-price-list--product-tile"><div class="selling-price-list__item"><span class="price selling-price-list__item__price selling-price-list__item__price--now-price"><span class="price__value selling-price-list__item__price selling-price-list__item__price--now-price__value">$1.09</span><span class="price__type selling-price-list__item__price selling-price-list__item__price--now-price__type"><span>(est.)</span></span><span class="price__unit selling-price-list__item__price selling-price-list__item__price--now-price__unit">ea</span></span></div></div><ul class="comparison-price-list comparison-price-list--product-tile"><li class="comparison-price-list__item"><span class="price comparison-price-list__item__price"><span class="price__value comparison-price-list__item__price__value">$5.47</span><span class="price__unit comparison-price-list__item__price__unit">/ 1kg</span></span></li><li class="comparison-price-list__item"><span class="price comparison-price-list__item__price"><span class="price__value comparison-price-list__item__price__value">$2.48</span><span class="price__unit comparison-price-list__item__price__unit">/ 1lb</span></span></li></ul></div></div></div><div class="product-button-group product-button-group--product-tile product-button-group--add-to-list-button product-button-group--inactive" data-cruller="conditional-content-inactive"><button class="quantity-selector quantity-selector--update quantity-selector--horizontal quantity-selector--product-tile quantity-selector--add-to-cart quantity-selector--add-to-list-button" data-track="productAddToCartLocalize" data-track-product-quantity="1" data-track-link-name="add-to-cart-open" data-track-products-array="[{&quot;productSKU&quot;:&quot;20253488001_KG&quot;,&quot;productName&quot;:&quot;Granny Smith Apples&quot;,&quot;productBrand&quot;:null,&quot;productCatalog&quot;:&quot;grocery&quot;,&quot;productVendor&quot;:null,&quot;productPrice&quot;:&quot;1.09&quot;,&quot;productQuantity&quot;:1,&quot;dealBadge&quot;:null,&quot;loyaltyBadge&quot;:&quot;false&quot;,&quot;textBadge&quot;:&quot;&quot;,&quot;productPosition&quot;:null,&quot;productOrderId&quot;:null,&quot;productVariant&quot;:null,&quot;subProduct&quot;:null}]" data-cruller="quantity-selector-add-to-cart"><span>Add</span></button></div></div></div></div></li><li class="product-tile-group__list__item" data-auid="product-tile"><div class="product-tracking" data-track-article-number="20606349001" data-track-product-id="20606349001_EA" data-track-products-array="[{&quot;productSKU&quot;:&quot;20606349001_EA&quot;,&quot;productName&quot;:&quot;Organic Gala Apples 3lb Bag&quot;,&quot;productBrand&quot;:&quot;PC Organics&quot;,&quot;productCatalog&quot;:&quot;grocery&quot;,&quot;productVendor&quot;:null,&quot;productPrice&quot;:&quot;5.98&quot;,&quot;productQuantity&quot;:null,&quot;dealBadge&quot;:null,&quot;loyaltyBadge&quot;:&quot;false&quot;,&quot;textBadge&quot;:&quot;&quot;,&quot;productPosition&quot;:5,&quot;productOrderId&quot;:null,&quot;productVariant&quot;:null,&quot;subProduct&quot;:null}]" data-track-algorithm-selected-position-array="{&quot;selectedPosition&quot;:&quot;to:5|or:5|sp:null&quot;}" data-track-loyalty-badge="false"><div class="product-tile product-tile--marketplace" data-track-product-index="5" data-auid="product-tile"><div class="product-tile__eyebrow" data-cruller="product-tile-eyebrow"><div class="product-badge__text product-badge__text--product-tile"></div></div><div class="product-tile__thumbnail"><div class="product-tile__thumbnail__image"><div class="lazyload-placeholder" style="height: 140px;"></div><div class="product-in-cart-flag"></div><button class="quickview-button" data-track="productQuickviewButton" data-cruller="productQuickviewButton"><span>Quick View</span><span class="sr-only sr-only-focusable">Organic Gala Apples 3lb Bag</span></button></div></div><div class="product-tile__details"><div class="product-tile__details__info"><h3 class="product-tile__details__info__name"><a class="product-tile__details__info__name__link" data-cruller="product-tile-title-link" href="/organic-gala-apples-3lb-bag/p/20606349001_EA"><span class="product-name product-name--product-tile"><span class="product-name__item product-name__item--brand">PC Organics</span><span class="product-name__item product-name__item--name" title="Organic Gala Apples 3lb Bag">Organic Gala Apples 3lb Bag</span><span class="product-name__item product-name__item--package-size">3 lb bag</span></span></a></h3><div class="product-tile__details__info__section"><div class="product-tile-deal-badge"></div><div class="product-tile__details__info__text-badge"></div><div class="product-prices product-prices--product-tile"><div class="selling-price-list selling-price-list--product-tile"><div class="selling-price-list__item"><span class="price selling-price-list__item__price selling-price-list__item__price--now-price"><span class="price__value selling-price-list__item__price selling-price-list__item__price--now-price__value">$5.98</span><span class="price__unit selling-price-list__item__price selling-price-list__item__price--now-price__unit">ea</span></span></div></div><ul class="comparison-price-list comparison-price-list--product-tile"><li class="comparison-price-list__item"><span class="price comparison-price-list__item__price"><span class="price__value comparison-price-list__item__price__value">$0.44</span><span class="price__unit comparison-price-list__item__price__unit">/ 100g</span></span></li></ul></div></div></div><div class="product-button-group product-button-group--product-tile product-button-group--add-to-list-button product-button-group--inactive" data-cruller="conditional-content-inactive"><button class="quantity-selector quantity-selector--update quantity-selector--horizontal quantity-selector--product-tile quantity-selector--add-to-cart quantity-selector--add-to-list-button" data-track="productAddToCartLocalize" data-track-product-quantity="1" data-track-link-name="add-to-cart-open" data-track-products-array="[{&quot;productSKU&quot;:&quot;20606349001_EA&quot;,&quot;productName&quot;:&quot;Organic Gala Apples 3lb Bag&quot;,&quot;productBrand&quot;:&quot;PC Organics&quot;,&quot;productCatalog&quot;:&quot;grocery&quot;,&quot;productVendor&quot;:null,&quot;productPrice&quot;:&quot;5.98&quot;,&quot;productQuantity&quot;:1,&quot;dealBadge&quot;:null,&quot;loyaltyBadge&quot;:&quot;false&quot;,&quot;textBadge&quot;:&quot;&quot;,&quot;productPosition&quot;:null,&quot;productOrderId&quot;:null,&quot;productVariant&quot;:null,&quot;subProduct&quot;:null}]" data-cruller="quantity-selector-add-to-cart"><span>Add</span></button></div></div></div></div></li><li class="product-tile-group__list__item" data-auid="product-tile"><div class="product-tracking" data-track-article-number="20713211001" data-track-product-id="20713211001_EA" data-track-products-array="[{&quot;productSKU&quot;:&quot;20713211001_EA&quot;,&quot;productName&quot;:&quot;McIntosh Apples 4lb Bag&quot;,&quot;productBrand&quot;:&quot;Farmer's Market&quot;,&quot;productCatalog&quot;:&quot;grocery&quot;,&quot;productVendor&quot;:null,&quot;productPrice&quot;:&quot;5.98&quot;,&quot;productQuantity&quot;:null,&quot;dealBadge&quot;:null,&quot;loyaltyBadge&quot;:&quot;false&quot;,&quot;textBadge&quot;:&quot;&quot;,&quot;productPosition&quot;:6,&quot;productOrderId&quot;:null,&quot;productVariant&quot;:null,&quot;subProduct&quot;:null}]" data-track-algorithm-selected-position-array="{&quot;selectedPosition&quot;:&quot;to:6|or:6|sp:null&quot;}" data-track-loyalty-badge="false"><div class="product-tile product-tile--marketplace" data-track-product-index="6" data-auid="product-tile"><div class="product-tile__eyebrow" data-cruller="product-tile-eyebrow"><div class="product-badge__text product-badge__text--product-tile"></div></div><div class="product-tile__thumbnail"><div class="product-tile__thumbnail__image"><div class="lazyload-placeholder" style="height: 140px;"></div><div class="product-in-cart-flag"></div><button class="quickview-button" data-track="productQuickviewButton" data-cruller="productQuickviewButton"><span>Quick View</span><span class="sr-only sr-only-focusable">McIntosh Apples 4lb Bag</span></button></div></div><div class="product-tile__details"><div class="product-tile__details__info"><h3 class="product-tile__details__info__name"><a class="product-tile__details__info__name__link" data-cruller="product-tile-title-link" href="/mcintosh-apples-4lb-bag/p/20713211001_EA"><span class="product-name product-name--product-tile"><span class="product-name__item product-name__item--brand">Farmer's Market</span><span class="product-name__item product-name__item--name" title="McIntosh Apples 4lb Bag">McIntosh Apples 4lb Bag</span><span class="product-name__item product-name__item--package-size">4 lb bag</span></span></a></h3><div class="product-tile__details__info__section"><div class="product-tile-deal-badge"></div><div class="product-tile__details__info__text-badge"></div><div class="product-prices product-prices--product-tile"><div class="selling-price-list selling-price-list--product-tile"><div class="selling-price-list__item"><span class="price selling-price-list__item__price selling-price-list__item__price--now-price"><span class="price__value selling-price-list__item__price selling-price-list__item__price--now-price__value">$5.98</span><span class="price__unit selling-price-list__item__price selling-price-list__item__price--now-price__unit">ea</span></span></div></div><ul class="comparison-price-list comparison-price-list--product-tile"><li class="comparison-price-list__item"><span class="price comparison-price-list__item__price"><span class="price__value comparison-price-list__item__price__value">$0.33</span><span class="price__unit comparison-price-list__item__price__unit">/ 100g</span></span></li></ul></div></div></div><div class="product-button-group product-button-group--product-tile product-button-group--add-to-list-button product-button-group--inactive" data-cruller="conditional-content-inactive"><button class="quantity-selector quantity-selector--update quantity-selector--horizontal quantity-selector--product-tile quantity-selector--add-to-cart quantity-selector--add-to-list-button" data-track="productAddToCartLocalize" data-track-product-quantity="1" data-track-link-name="add-to-cart-open" data-track-products-array="[{&quot;productSKU&quot;:&quot;20713211001_EA&quot;,&quot;productName&quot;:&quot;McIntosh Apples 4lb Bag&quot;,&quot;productBrand&quot;:&quot;Farmer's Market&quot;,&quot;productCatalog&quot;:&quot;grocery&quot;,&quot;productVendor&quot;:null,&quot;productPrice&quot;:&quot;5.98&quot;,&quot;productQuantity&quot;:1,&quot;dealBadge&quot;:null,&quot;loyaltyBadge&quot;:&quot;false&quot;,&quot;textBadge&quot;:&quot;&quot;,&quot;productPosition&quot;:null,&quot;productOrderId&quot;:null,&quot;productVariant&quot;:null,&quot;subProduct&quot;:null}]" data-cruller="quantity-selector-add-to-cart"><span>Add</span></button></div></div></div></div></li><li class="product-tile-group__list__item" data-auid="product-tile"><div class="product-tracking" data-track-article-number="20092614001" data-track-product-id="20092614001_KG" data-track-products-array="[{&quot;productSKU&quot;:&quot;20092614001_KG&quot;,&quot;productName&quot;:&quot;Ambrosia Apples&quot;,&quot;productBrand&quot;:&quot;President's Choice&quot;,&quot;productCatalog&quot;:&quot;grocery&quot;,&quot;productVendor&quot;:null,&quot;productPrice&quot;:&quot;1.20&quot;,&quot;productQuantity&quot;:null,&quot;dealBadge&quot;:null,&quot;loyaltyBadge&quot;:&quot;false&quot;,&quot;textBadge&quot;:&quot;&quot;,&quot;productPosition&quot;:7,&quot;productOrderId&quot;:null,&quot;productVariant&quot;:null,&quot;subProduct&quot;:null}]" data-track-algorithm-selected-position-array="{&quot;selectedPosition&quot;:&quot;to:7|or:7|sp:null&quot;}" data-track-loyalty-badge="false"><div class="product-tile product-tile--marketplace" data-track-product-index="7" data-auid="product-tile"><div class="product-tile__eyebrow" data-cruller="product-tile-eyebrow"><div class="product-badge__text product-badge__text--product-tile"></div></div><div class="product-tile__thumbnail"><div class="product-tile__thumbnail__image"><div class="lazyload-placeholder" style="height: 140px;"></div><div class="product-in-cart-flag"></div><button class="quickview-button" data-track="productQuickviewButton" data-cruller="productQuickviewButton"><span>Quick View</span><span class="sr-only sr-only-focusable">Ambrosia Apples</span></button></div></div><div class="product-tile__details"><div class="product-tile__details__info"><h3 class="product-tile__details__info__name"><a class="product-tile__details__info__name__link" data-cruller="product-tile-title-link" href="/ambrosia-apples/p/20092614001_KG"><span class="product-name product-name--product-tile"><span class="product-name__item product-name__item--brand">President's Choice</span><span class="product-name__item product-name__item--name" title="Ambrosia Apples">Ambrosia Apples</span></span></a></h3><div class="product-tile__details__info__section"><div class="product-tile-deal-badge"></div><div class="product-tile__details__info__text-badge"></div><div class="product-prices product-prices--product-tile"><div class="selling-price-list selling-price-list--product-tile"><div class="selling-price-list__item"><span class="price selling-price-list__item__price selling-price-list__item__price--now-price"><span class="price__value selling-price-list__item__price selling-price-list__item__price--now-price__value">$1.20</span><span class="price__type selling-price-list__item__price selling-price-list__item__price--now-price__type"><span>(est.)</span></span><span class="price__unit selling-price-list__item__price selling-price-list__item__price--now-price__unit">ea</span></span></div></div><ul class="comparison-price-list comparison-price-list--product-tile"><li class="comparison-price-list__item"><span class="price comparison-price-list__item__price"><span class="price__value comparison-price-list__item__price__value">$5.47</span><span class="price__unit comparison-price-list__item__price__unit">/ 1kg</span></span></li><li class="comparison-price-list__item"><span class="price comparison-price-list__item__price"><span class="price__value comparison-price-list__item__price__value">$2.48</span><span class="price__unit comparison-price-list__item__price__unit">/ 1lb</span></span></li></ul></div></div></div><div class="product-button-group product-button-group--product-tile product-button-group--add-to-list-button product-button-group--inactive" data-cruller="conditional-content-inactive"><button class="quantity-selector quantity-selector--update quantity-selector--horizontal quantity-selector--product-tile quantity-selector--add-to-cart quantity-selector--add-to-list-button" data-track="productAddToCartLocalize" data-track-product-quantity="1" data-track-link-name="add-to-cart-open" data-track-products-array="[{&quot;productSKU&quot;:&quot;20092614001_KG&quot;,&quot;productName&quot;:&quot;Ambrosia Apples&quot;,&quot;productBrand&quot;:&quot;President's Choice&quot;,&quot;productCatalog&quot;:&quot;grocery&quot;,&quot;productVendor&quot;:null,&quot;productPrice&quot;:&quot;1.20&quot;,&quot;productQuantity&quot;:1,&quot;dealBadge&quot;:null,&quot;loyaltyBadge&quot;:&quot;false&quot;,&quot;textBadge&quot;:&quot;&quot;,&quot;productPosition&quot;:null,&quot;productOrderId&quot;:null,&quot;productVariant&quot;:null,&quot;subProduct&quot;:null}]" data-cruller="quantity-selector-add-to-cart"><span>Add</span></button></div></div></div></div></li><li class="product-tile-group__list__item" data-auid="product-tile"><div class="product-tracking" data-track-article-number="20093376001" data-track-product-id="20093376001_KG" data-track-products-array="[{&quot;productSKU&quot;:&quot;20093376001_KG&quot;,&quot;productName&quot;:&quot;Pink Lady Apples&quot;,&quot;productBrand&quot;:null,&quot;productCatalog&quot;:&quot;grocery&quot;,&quot;productVendor&quot;:null,&quot;productPrice&quot;:&quot;1.15&quot;,&quot;productQuantity&quot;:null,&quot;dealBadge&quot;:null,&quot;loyaltyBadge&quot;:&quot;false&quot;,&quot;textBadge&quot;:&quot;&quot;,&quot;productPosition&quot;:8,&quot;productOrderId&quot;:null,&quot;productVariant&quot;:null,&quot;subProduct&quot;:null}]" data-track-algorithm-selected-position-array="{&quot;selectedPosition&quot;:&quot;to:8|or:8|sp:null&quot;}" data-track-loyalty-badge="false"><div class="product-tile product-tile--marketplace" data-track-product-index="8" data-auid="product-tile"><div class="product-tile__eyebrow" data-cruller="product-tile-eyebrow"><div class="product-badge__text product-badge__text--product-tile"></div></div><div class="product-tile__thumbnail"><div class="product-tile__thumbnail__image"><div class="lazyload-placeholder" style="height: 140px;"></div><div class="product-in-cart-flag"></div><button class="quickview-button" data-track="productQuickviewButton" data-cruller="productQuickviewButton"><span>Quick View</span><span class="sr-only sr-only-focusable">Pink Lady Apples</span></button></div></div><div class="product-tile__details"><div class="product-tile__details__info"><h3 class="product-tile__details__info__name"><a class="product-tile__details__info__name__link" data-cruller="product-tile-title-link" href="/pink-lady-apples/p/20093376001_KG"><span class="product-name product-name--product-tile"><span class="product-name__item product-name__item--name" title="Pink Lady Apples">Pink Lady Apples</span></span></a></h3><div class="product-tile__details__info__section"><div class="product-tile-deal-badge"></div><div class="product-tile__details__info__text-badge"></div><div class="product-prices product-prices--product-tile"><div class="selling-price-list selling-price-list--product-tile"><div class="selling-price-list__item"><span class="price selling-price-list__item__price selling-price-list__item__price--now-price"><span class="price__value selling-price-list__item__price selling-price-list__item__price--now-price__value">$1.15</span><span class="price__type selling-price-list__item__price selling-price-list__item__price--now-price__type"><span>(est.)</span></span><span class="price__unit selling-price-list__item__price selling-price-list__item__price--now-price__unit">ea</span></span></div></div><ul class="comparison-price-list comparison-price-list--product-tile"><li class="comparison-price-list__item"><span class="price comparison-price-list__item__price"><span class="price__value comparison-price-list__item__price__value">$5.47</span><span class="price__unit comparison-price-list__item__price__unit">/ 1kg</span></span></li><li class="comparison-price-list__item"><span class="price comparison-price-list__item__price"><span class="price__value comparison-price-list__item__price__value">$2.48</span><span class="price__unit comparison-price-list__item__price__unit">/ 1lb</span></span></li></ul></div></div></div><div class="product-button-group product-button-group--product-tile product-button-group--add-to-list-button product-button-group--inactive" data-cruller="conditional-content-inactive"><button class="quantity-selector quantity-selector--update quantity-selector--horizontal quantity-selector--product-tile quantity-selector--add-to-cart quantity-selector--add-to-list-button" data-track="productAddToCartLocalize" data-track-product-quantity="1" data-track-link-name="add-to-cart-open" data-track-products-array="[{&quot;productSKU&quot;:&quot;20093376001_KG&quot;,&quot;productName&quot;:&quot;Pink Lady Apples&quot;,&quot;productBrand&quot;:null,&quot;productCatalog&quot;:&quot;grocery&quot;,&quot;productVendor&quot;:null,&quot;productPrice&quot;:&quot;1.15&quot;,&quot;productQuantity&quot;:1,&quot;dealBadge&quot;:null,&quot;loyaltyBadge&quot;:&quot;false&quot;,&quot;textBadge&quot;:&quot;&quot;,&quot;productPosition&quot;:null,&quot;productOrderId&quot;:null,&quot;productVariant&quot;:null,&quot;subProduct&quot;:null}]" data-cruller="quantity-selector-add-to-cart"><span>Add</span></button></div></div></div></div></li><li class="product-tile-group__list__item" data-auid="product-tile"><div class="product-tracking" data-track-article-number="20073899001" data-track-product-id="20073899001_KG" data-track-products-array="[{&quot;productSKU&quot;:&quot;20073899001_KG&quot;,&quot;productName&quot;:&quot;Red Delicious Apples&quot;,&quot;productBrand&quot;:null,&quot;productCatalog&quot;:&quot;grocery&quot;,&quot;productVendor&quot;:null,&quot;productPrice&quot;:&quot;0.92&quot;,&quot;productQuantity&quot;:null,&quot;dealBadge&quot;:null,&quot;loyaltyBadge&quot;:&quot;false&quot;,&quot;textBadge&quot;:&quot;&quot;,&quot;productPosition&quot;:9,&quot;productOrderId&quot;:null,&quot;productVariant&quot;:null,&quot;subProduct&quot;:null}]" data-track-algorithm-selected-position-array="{&quot;selectedPosition&quot;:&quot;to:9|or:9|sp:null&quot;}" data-track-loyalty-badge="false"><div class="product-tile product-tile--marketplace" data-track-product-index="9" data-auid="product-tile"><div class="product-tile__eyebrow" data-cruller="product-tile-eyebrow"><div class="product-badge__text product-badge__text--product-tile"></div></div><div class="product-tile__thumbnail"><div class="product-tile__thumbnail__image"><div class="lazyload-placeholder" style="height: 140px;"></div><div class="product-in-cart-flag"></div><button class="quickview-button" data-track="productQuickviewButton" data-cruller="productQuickviewButton"><span>Quick View</span><span class="sr-only sr-only-focusable">Red Delicious Apples</span></button></div></div><div class="product-tile__details"><div class="product-tile__details__info"><h3 class="product-tile__details__info__name"><a class="product-tile__details__info__name__link" data-cruller="product-tile-title-link" href="/red-delicious-apples/p/20073899001_KG"><span class="product-name product-name--product-tile"><span class="product-name__item product-name__item--name" title="Red Delicious Apples">Red Delicious Apples</span></span></a></h3><div class="product-tile__details__info__section"><div class="product-tile-deal-badge"></div><div class="product-tile__details__info__text-badge"></div><div class="product-prices product-prices--product-tile"><div class="selling-price-list selling-price-list--product-tile"><div class="selling-price-list__item"><span class="price selling-price-list__item__price selling-price-list__item__price--now-price"><span class="price__value selling-price-list__item__price selling-price-list__item__price--now-price__value">$0.92</span><span class="price__type selling-price-list__item__price selling-price-list__item__price--now-price__type"><span>(est.)</span></span><span class="price__unit selling-price-list__item__price selling-price-list__item__price--now-price__unit">ea</span></span></div></div><ul class="comparison-price-list comparison-price-list--product-tile"><li class="comparison-price-list__item"><span class="price comparison-price-list__item__price"><span class="price__value comparison-price-list__item__price__value">$4.37</span><span class="price__unit comparison-price-list__item__price__unit">/ 1kg</span></span></li><li class="comparison-price-list__item"><span class="price comparison-price-list__item__price"><span class="price__value comparison-price-list__item__price__value">$1.98</span><span class="price__unit comparison-price-list__item__price__unit">/ 1lb</span></span></li></ul></div></div></div><div class="product-button-group product-button-group--product-tile product-button-group--add-to-list-button product-button-group--inactive" data-cruller="conditional-content-inactive"><button class="quantity-selector quantity-selector--update quantity-selector--horizontal quantity-selector--product-tile quantity-selector--add-to-cart quantity-selector--add-to-list-button" data-track="productAddToCartLocalize" data-track-product-quantity="1" data-track-link-name="add-to-cart-open" data-track-products-array="[{&quot;productSKU&quot;:&quot;20073899001_KG&quot;,&quot;productName&quot;:&quot;Red Delicious Apples&quot;,&quot;productBrand&quot;:null,&quot;productCatalog&quot;:&quot;grocery&quot;,&quot;productVendor&quot;:null,&quot;productPrice&quot;:&quot;0.92&quot;,&quot;productQuantity&quot;:1,&quot;dealBadge&quot;:null,&quot;loyaltyBadge&quot;:&quot;false&quot;,&quot;textBadge&quot;:&quot;&quot;,&quot;productPosition&quot;:null,&quot;productOrderId&quot;:null,&quot;productVariant&quot;:null,&quot;subProduct&quot;:null}]" data-cruller="quantity-selector-add-to-cart"><span>Add</span></button></div></div></div></div></li><li class="product-tile-group__list__item" data-auid="product-tile"><div class="product-tracking" data-track-article-number="20039956001" data-track-product-id="20039956001_KG" data-track-products-array="[{&quot;productSKU&quot;:&quot;20039956001_KG&quot;,&quot;productName&quot;:&quot;McIntosh Apples&quot;,&quot;productBrand&quot;:null,&quot;productCatalog&quot;:&quot;grocery&quot;,&quot;productVendor&quot;:null,&quot;productPrice&quot;:&quot;0.87&quot;,&quot;productQuantity&quot;:null,&quot;dealBadge&quot;:null,&quot;loyaltyBadge&quot;:&quot;false&quot;,&quot;textBadge&quot;:&quot;&quot;,&quot;productPosition&quot;:10,&quot;productOrderId&quot;:null,&quot;productVariant&quot;:null,&quot;subProduct&quot;:null}]" data-track-algorithm-selected-position-array="{&quot;selectedPosition&quot;:&quot;to:10|or:10|sp:null&quot;}" data-track-loyalty-badge="false"><div class="product-tile product-tile--marketplace" data-track-product-index="10" data-auid="product-tile"><div class="product-tile__eyebrow" data-cruller="product-tile-eyebrow"><div class="product-badge__text product-badge__text--product-tile"></div></div><div class="product-tile__thumbnail"><div class="product-tile__thumbnail__image"><div class="lazyload-placeholder" style="height: 140px;"></div><div class="product-in-cart-flag"></div><button class="quickview-button" data-track="productQuickviewButton" data-cruller="productQuickviewButton"><span>Quick View</span><span class="sr-only sr-only-focusable">McIntosh Apples</span></button></div></div><div class="product-tile__details"><div class="product-tile__details__info"><h3 class="product-tile__details__info__name"><a class="product-tile__details__info__name__link" data-cruller="product-tile-title-link" href="/mcintosh-apples/p/20039956001_KG"><span class="product-name product-name--product-tile"><span class="product-name__item product-name__item--name" title="McIntosh Apples">McIntosh Apples</span></span></a></h3><div class="product-tile__details__info__section"><div class="product-tile-deal-badge"></div><div class="product-tile__details__info__text-badge"></div><div class="product-prices product-prices--product-tile"><div class="selling-price-list selling-price-list--product-tile"><div class="selling-price-list__item"><span class="price selling-price-list__item__price selling-price-list__item__price--now-price"><span class="price__value selling-price-list__item__price selling-price-list__item__price--now-price__value">$0.87</span><span class="price__type selling-price-list__item__price selling-price-list__item__price--now-price__type"><span>(est.)</span></span><span class="price__unit selling-price-list__item__price selling-price-list__item__price--now-price__unit">ea</span></span></div></div><ul class="comparison-price-list comparison-price-list--product-tile"><li class="comparison-price-list__item"><span class="price comparison-price-list__item__price"><span class="price__value comparison-price-list__item__price__value">$4.37</span><span class="price__unit comparison-price-list__item__price__unit">/ 1kg</span></span></li><li class="comparison-price-list__item"><span class="price comparison-price-list__item__price"><span class="price__value comparison-price-list__item__price__value">$1.98</span><span class="price__unit comparison-price-list__item__price__unit">/ 1lb</span></span></li></ul></div></div></div><div class="product-button-group product-button-group--product-tile product-button-group--add-to-list-button product-button-group--inactive" data-cruller="conditional-content-inactive"><button class="quantity-selector quantity-selector--update quantity-selector--horizontal quantity-selector--product-tile quantity-selector--add-to-cart quantity-selector--add-to-list-button" data-track="productAddToCartLocalize" data-track-product-quantity="1" data-track-link-name="add-to-cart-open" data-track-products-array="[{&quot;productSKU&quot;:&quot;20039956001_KG&quot;,&quot;productName&quot;:&quot;McIntosh Apples&quot;,&quot;productBrand&quot;:null,&quot;productCatalog&quot;:&quot;grocery&quot;,&quot;productVendor&quot;:null,&quot;productPrice&quot;:&quot;0.87&quot;,&quot;productQuantity&quot;:1,&quot;dealBadge&quot;:null,&quot;loyaltyBadge&quot;:&quot;false&quot;,&quot;textBadge&quot;:&quot;&quot;,&quot;productPosition&quot;:null,&quot;productOrderId&quot;:null,&quot;productVariant&quot;:null,&quot;subProduct&quot;:null}]" data-cruller="quantity-selector-add-to-cart"><span>Add</span></button></div></div></div></div></li><li class="product-tile-group__list__item" data-auid="product-tile"><div class="product-tracking" data-track-article-number="20310940001" data-track-product-id="20310940001_KG" data-track-products-array="[{&quot;productSKU&quot;:&quot;20310940001_KG&quot;,&quot;productName&quot;:&quot;Fuji Apples&quot;,&quot;productBrand&quot;:null,&quot;productCatalog&quot;:&quot;grocery&quot;,&quot;productVendor&quot;:null,&quot;productPrice&quot;:&quot;1.05&quot;,&quot;productQuantity&quot;:null,&quot;dealBadge&quot;:null,&quot;loyaltyBadge&quot;:&quot;false&quot;,&quot;textBadge&quot;:&quot;&quot;,&quot;productPosition&quot;:11,&quot;productOrderId&quot;:null,&quot;productVariant&quot;:null,&quot;subProduct&quot;:null}]" data-track-algorithm-selected-position-array="{&quot;selectedPosition&quot;:&quot;to:11|or:11|sp:null&quot;}" data-track-loyalty-badge="false"><div class="product-tile product-tile--marketplace" data-track-product-index="11" data-auid="product-tile"><div class="product-tile__eyebrow" data-cruller="product-tile-eyebrow"><div class="product-badge__text product-badge__text--product-tile"></div></div><div class="product-tile__thumbnail"><div class="product-tile__thumbnail__image"><div class="lazyload-placeholder" style="height: 140px;"></div><div class="product-in-cart-flag"></div><button class="quickview-button" data-track="productQuickviewButton" data-cruller="productQuickviewButton"><span>Quick View</span><span class="sr-only sr-only-focusable">Fuji Apples</span></button></div></div><div class="product-tile__details"><div class="product-tile__details__info"><h3 class="product-tile__details__info__name"><a class="product-tile__details__info__name__link" data-cruller="product-tile-title-link" href="/fuji-apples/p/20310940001_KG"><span class="product-name product-name--product-tile"><span class="product-name__item product-name__item--name" title="Fuji Apples">Fuji Apples</span></span></a></h3><div class="product-tile__details__info__section"><div class="product-tile-deal-badge"></div><div class="product-tile__details__info__text-badge"></div><div class="product-prices product-prices--product-tile"><div class="selling-price-list selling-price-list--product-tile"><div class="selling-price-list__item"><span class="price selling-price-list__item__price selling-price-list__item__price--now-price"><span class="price__value selling-price-list__item__price selling-price-list__item__price--now-price__value">$1.05</span><span class="price__type selling-price-list__item__price selling-price-list__item__price--now-price__type"><span>(est.)</span></span><span class="price__unit selling-price-list__item__price selling-price-list__item__price--now-price__unit">ea</span></span></div></div><ul class="comparison-price-list comparison-price-list--product-tile"><li class="comparison-price-list__item"><span class="price comparison-price-list__item__price"><span class="price__value comparison-price-list__item__price__value">$4.37</span><span class="price__unit comparison-price-list__item__price__unit">/ 1kg</span></span></li><li class="comparison-price-list__item"><span class="price comparison-price-list__item__price"><span class="price__value comparison-price-list__item__price__value">$1.98</span><span class="price__unit comparison-price-list__item__price__unit">/ 1lb</span></span></li></ul></div></div></div><div class="product-button-group product-button-group--product-tile product-button-group--add-to-list-button product-button-group--inactive" data-cruller="conditional-content-inactive"><button class="quantity-selector quantity-selector--update quantity-selector--horizontal quantity-selector--product-tile quantity-selector--add-to-cart quantity-selector--add-to-list-button" data-track="productAddToCartLocalize" data-track-product-quantity="1" data-track-link-name="add-to-cart-open" data-track-products-array="[{&quot;productSKU&quot;:&quot;20310940001_KG&quot;,&quot;productName&quot;:&quot;Fuji Apples&quot;,&quot;productBrand&quot;:null,&quot;productCatalog&quot;:&quot;grocery&quot;,&quot;productVendor&quot;:null,&quot;productPrice&quot;:&quot;1.05&quot;,&quot;productQuantity&quot;:1,&quot;dealBadge&quot;:null,&quot;loyaltyBadge&quot;:&quot;false&quot;,&quot;textBadge&quot;:&quot;&quot;,&quot;productPosition&quot;:null,&quot;productOrderId&quot;:null,&quot;productVariant&quot;:null,&quot;subProduct&quot;:null}]" data-cruller="quantity-selector-add-to-cart"><span>Add</span></button></div></div></div></div></li><li class="product-tile-group__list__item" data-auid="product-tile"><div class="product-tracking" data-track-article-number="20051827" data-track-product-id="20051827_EA" data-track-products-array="[{&quot;productSKU&quot;:&quot;20051827_EA&quot;,&quot;productName&quot;:&quot;Fuji Apples&quot;,&quot;productBrand&quot;:&quot;Farmer's Market&quot;,&quot;productCatalog&quot;:&quot;grocery&quot;,&quot;productVendor&quot;:null,&quot;productPrice&quot;:&quot;5.98&quot;,&quot;productQuantity&quot;:null,&quot;dealBadge&quot;:null,&quot;loyaltyBadge&quot;:&quot;false&quot;,&quot;textBadge&quot;:&quot;&quot;,&quot;productPosition&quot;:12,&quot;productOrderId&quot;:null,&quot;productVariant&quot;:null,&quot;subProduct&quot;:null}]" data-track-algorithm-selected-position-array="{&quot;selectedPosition&quot;:&quot;to:12|or:12|sp:null&quot;}" data-track-loyalty-badge="false"><div class="product-tile product-tile--marketplace" data-track-product-index="12" data-auid="product-tile"><div class="product-tile__eyebrow" data-cruller="product-tile-eyebrow"><div class="product-badge__text product-badge__text--product-tile"></div></div><div class="product-tile__thumbnail"><div class="product-tile__thumbnail__image"><div class="lazyload-placeholder" style="height: 140px;"></div><div class="product-in-cart-flag"></div><button class="quickview-button" data-track="productQuickviewButton" data-cruller="productQuickviewButton"><span>Quick View</span><span class="sr-only sr-only-focusable">Fuji Apples</span></button></div></div><div class="product-tile__details"><div class="product-tile__details__info"><h3 class="product-tile__details__info__name"><a class="product-tile__details__info__name__link" data-cruller="product-tile-title-link" href="/fuji-apples/p/20051827_EA"><span class="product-name product-name--product-tile"><span class="product-name__item product-name__item--brand">Farmer's Market</span><span class="product-name__item product-name__item--name" title="Fuji Apples">Fuji Apples</span><span class="product-name__item product-name__item--package-size">1.81 kg</span></span></a></h3><div class="product-tile__details__info__section"><div class="product-tile-deal-badge"></div><div class="product-tile__details__info__text-badge"></div><div class="product-prices product-prices--product-tile"><div class="selling-price-list selling-price-list--product-tile"><div class="selling-price-list__item"><span class="price selling-price-list__item__price selling-price-list__item__price--now-price"><span class="price__value selling-price-list__item__price selling-price-list__item__price--now-price__value">$5.98</span><span class="price__unit selling-price-list__item__price selling-price-list__item__price--now-price__unit">ea</span></span></div></div><ul class="comparison-price-list comparison-price-list--product-tile"><li class="comparison-price-list__item"><span class="price comparison-price-list__item__price"><span class="price__value comparison-price-list__item__price__value">$0.33</span><span class="price__unit comparison-price-list__item__price__unit">/ 100g</span></span></li></ul></div></div></div><div class="product-button-group product-button-group--product-tile product-button-group--add-to-list-button product-button-group--inactive" data-cruller="conditional-content-inactive"><button class="quantity-selector quantity-selector--update quantity-selector--horizontal quantity-selector--product-tile quantity-selector--add-to-cart quantity-selector--add-to-list-button" data-track="productAddToCartLocalize" data-track-product-quantity="1" data-track-link-name="add-to-cart-open" data-track-products-array="[{&quot;productSKU&quot;:&quot;20051827_EA&quot;,&quot;productName&quot;:&quot;Fuji Apples&quot;,&quot;productBrand&quot;:&quot;Farmer's Market&quot;,&quot;productCatalog&quot;:&quot;grocery&quot;,&quot;productVendor&quot;:null,&quot;productPrice&quot;:&quot;5.98&quot;,&quot;productQuantity&quot;:1,&quot;dealBadge&quot;:null,&quot;loyaltyBadge&quot;:&quot;false&quot;,&quot;textBadge&quot;:&quot;&quot;,&quot;productPosition&quot;:null,&quot;productOrderId&quot;:null,&quot;productVariant&quot;:null,&quot;subProduct&quot;:null}]" data-cruller="quantity-selector-add-to-cart"><span>Add</span></button></div></div></div></div></li><li class="product-tile-group__list__item" data-auid="product-tile"><div class="product-tracking" data-track-article-number="20630648001" data-track-product-id="20630648001_EA" data-track-products-array="[{&quot;productSKU&quot;:&quot;20630648001_EA&quot;,&quot;productName&quot;:&quot;Empire Apples 4lb Bag&quot;,&quot;productBrand&quot;:&quot;Farmer's Market&quot;,&quot;productCatalog&quot;:&quot;grocery&quot;,&quot;productVendor&quot;:null,&quot;productPrice&quot;:&quot;5.98&quot;,&quot;productQuantity&quot;:null,&quot;dealBadge&quot;:null,&quot;loyaltyBadge&quot;:&quot;false&quot;,&quot;textBadge&quot;:&quot;&quot;,&quot;productPosition&quot;:13,&quot;productOrderId&quot;:null,&quot;productVariant&quot;:null,&quot;subProduct&quot;:null}]" data-track-algorithm-selected-position-array="{&quot;selectedPosition&quot;:&quot;to:13|or:13|sp:null&quot;}" data-track-loyalty-badge="false"><div class="product-tile product-tile--marketplace" data-track-product-index="13" data-auid="product-tile"><div class="product-tile__eyebrow" data-cruller="product-tile-eyebrow"><div class="product-badge__text product-badge__text--product-tile"></div></div><div class="product-tile__thumbnail"><div class="product-tile__thumbnail__image"><div class="lazyload-placeholder" style="height: 140px;"></div><div class="product-in-cart-flag"></div><button class="quickview-button" data-track="productQuickviewButton" data-cruller="productQuickviewButton"><span>Quick View</span><span class="sr-only sr-only-focusable">Empire Apples 4lb Bag</span></button></div></div><div class="product-tile__details"><div class="product-tile__details__info"><h3 class="product-tile__details__info__name"><a class="product-tile__details__info__name__link" data-cruller="product-tile-title-link" href="/empire-apples-4lb-bag/p/20630648001_EA"><span class="product-name product-name--product-tile"><span class="product-name__item product-name__item--brand">Farmer's Market</span><span class="product-name__item product-name__item--name" title="Empire Apples 4lb Bag">Empire Apples 4lb Bag</span><span class="product-name__item product-name__item--package-size">4 lb bag</span></span></a></h3><div class="product-tile__details__info__section"><div class="product-tile-deal-badge"></div><div class="product-tile__details__info__text-badge"></div><div class="product-prices product-prices--product-tile"><div class="selling-price-list selling-price-list--product-tile"><div class="selling-price-list__item"><span class="price selling-price-list__item__price selling-price-list__item__price--now-price"><span class="price__value selling-price-list__item__price selling-price-list__item__price--now-price__value">$5.98</span><span class="price__unit selling-price-list__item__price selling-price-list__item__price--now-price__unit">ea</span></span></div></div><ul class="comparison-price-list comparison-price-list--product-tile"><li class="comparison-price-list__item"><span class="price comparison-price-list__item__price"><span class="price__value comparison-price-list__item__price__value">$0.33</span><span class="price__unit comparison-price-list__item__price__unit">/ 100g</span></span></li></ul></div></div></div><div class="product-button-group product-button-group--product-tile product-button-group--add-to-list-button product-button-group--inactive" data-cruller="conditional-content-inactive"><button class="quantity-selector quantity-selector--update quantity-selector--horizontal quantity-selector--product-tile quantity-selector--add-to-cart quantity-selector--add-to-list-button" data-track="productAddToCartLocalize" data-track-product-quantity="1" data-track-link-name="add-to-cart-open" data-track-products-array="[{&quot;productSKU&quot;:&quot;20630648001_EA&quot;,&quot;productName&quot;:&quot;Empire Apples 4lb Bag&quot;,&quot;productBrand&quot;:&quot;Farmer's Market&quot;,&quot;productCatalog&quot;:&quot;grocery&quot;,&quot;productVendor&quot;:null,&quot;productPrice&quot;:&quot;5.98&quot;,&quot;productQuantity&quot;:1,&quot;dealBadge&quot;:null,&quot;loyaltyBadge&quot;:&quot;false&quot;,&quot;textBadge&quot;:&quot;&quot;,&quot;productPosition&quot;:null,&quot;productOrderId&quot;:null,&quot;productVariant&quot;:null,&quot;subProduct&quot;:null}]" data-cruller="quantity-selector-add-to-cart"><span>Add</span></button></div></div></div></div></li><li class="product-tile-group__list__item" data-auid="product-tile"><div class="product-tracking" data-track-article-number="20725795001" data-track-product-id="20725795001_EA" data-track-products-array="[{&quot;productSKU&quot;:&quot;20725795001_EA&quot;,&quot;productName&quot;:&quot;Organic Granny Smith Apples 3lb bag&quot;,&quot;productBrand&quot;:&quot;PC Organics&quot;,&quot;productCatalog&quot;:&quot;grocery&quot;,&quot;productVendor&quot;:null,&quot;productPrice&quot;:&quot;6.98&quot;,&quot;productQuantity&quot;:null,&quot;dealBadge&quot;:null,&quot;loyaltyBadge&quot;:&quot;false&quot;,&quot;textBadge&quot;:&quot;&quot;,&quot;productPosition&quot;:14,&quot;productOrderId&quot;:null,&quot;productVariant&quot;:null,&quot;subProduct&quot;:null}]" data-track-algorithm-selected-position-array="{&quot;selectedPosition&quot;:&quot;to:14|or:14|sp:null&quot;}" data-track-loyalty-badge="false"><div class="product-tile product-tile--marketplace" data-track-product-index="14" data-auid="product-tile"><div class="product-tile__eyebrow" data-cruller="product-tile-eyebrow"><div class="product-badge__text product-badge__text--product-tile"></div></div><div class="product-tile__thumbnail"><div class="product-tile__thumbnail__image"><div class="lazyload-placeholder" style="height: 140px;"></div><div class="product-in-cart-flag"></div><button class="quickview-button" data-track="productQuickviewButton" data-cruller="productQuickviewButton"><span>Quick View</span><span class="sr-only sr-only-focusable">Organic Granny Smith Apples 3lb bag</span></button></div></div><div class="product-tile__details"><div class="product-tile__details__info"><h3 class="product-tile__details__info__name"><a class="product-tile__details__info__name__link" data-cruller="product-tile-title-link" href="/organic-granny-smith-apples-3lb-bag/p/20725795001_EA"><span class="product-name product-name--product-tile"><span class="product-name__item product-name__item--brand">PC Organics</span><span class="product-name__item product-name__item--name" title="Organic Granny Smith Apples 3lb bag">Organic Granny Smith Apples 3lb bag</span><span class="product-name__item product-name__item--package-size">3 lb bag</span></span></a></h3><div class="product-tile__details__info__section"><div class="product-tile-deal-badge"></div><div class="product-tile__details__info__text-badge"></div><div class="product-prices product-prices--product-tile"><div class="selling-price-list selling-price-list--product-tile"><div class="selling-price-list__item"><span class="price selling-price-list__item__price selling-price-list__item__price--now-price"><span class="price__value selling-price-list__item__price selling-price-list__item__price--now-price__value">$6.98</span><span class="price__unit selling-price-list__item__price selling-price-list__item__price--now-price__unit">ea</span></span></div></div><ul class="comparison-price-list comparison-price-list--product-tile"><li class="comparison-price-list__item"><span class="price comparison-price-list__item__price"><span class="price__value comparison-price-list__item__price__value">$0.51</span><span class="price__unit comparison-price-list__item__price__unit">/ 100g</span></span></li></ul></div></div></div><div class="product-button-group product-button-group--product-tile product-button-group--add-to-list-button product-button-group--inactive" data-cruller="conditional-content-inactive"><button class="quantity-selector quantity-selector--update quantity-selector--horizontal quantity-selector--product-tile quantity-selector--add-to-cart quantity-selector--add-to-list-button" data-track="productAddToCartLocalize" data-track-product-quantity="1" data-track-link-name="add-to-cart-open" data-track-products-array="[{&quot;productSKU&quot;:&quot;20725795001_EA&quot;,&quot;productName&quot;:&quot;Organic Granny Smith Apples 3lb bag&quot;,&quot;productBrand&quot;:&quot;PC Organics&quot;,&quot;productCatalog&quot;:&quot;grocery&quot;,&quot;productVendor&quot;:null,&quot;productPrice&quot;:&quot;6.98&quot;,&quot;productQuantity&quot;:1,&quot;dealBadge&quot;:null,&quot;loyaltyBadge&quot;:&quot;false&quot;,&quot;textBadge&quot;:&quot;&quot;,&quot;productPosition&quot;:null,&quot;productOrderId&quot;:null,&quot;productVariant&quot;:null,&quot;subProduct&quot;:null}]" data-cruller="quantity-selector-add-to-cart"><span>Add</span></button></div></div></div></div></li><li class="product-tile-group__list__item" data-auid="product-tile"><div class="product-tracking" data-track-article-number="20630871001" data-track-product-id="20630871001_EA" data-track-products-array="[{&quot;productSKU&quot;:&quot;20630871001_EA&quot;,&quot;productName&quot;:&quot;Cortland Apples 4lb Bag&quot;,&quot;productBrand&quot;:&quot;Farmer's Market&quot;,&quot;productCatalog&quot;:&quot;grocery&quot;,&quot;productVendor&quot;:null,&quot;productPrice&quot;:&quot;5.98&quot;,&quot;productQuantity&quot;:null,&quot;dealBadge&quot;:null,&quot;loyaltyBadge&quot;:&quot;false&quot;,&quot;textBadge&quot;:&quot;&quot;,&quot;productPosition&quot;:15,&quot;productOrderId&quot;:null,&quot;productVariant&quot;:null,&quot;subProduct&quot;:null}]" data-track-algorithm-selected-position-array="{&quot;selectedPosition&quot;:&quot;to:15|or:15|sp:null&quot;}" data-track-loyalty-badge="false"><div class="product-tile product-tile--marketplace" data-track-product-index="15" data-auid="product-tile"><div class="product-tile__eyebrow" data-cruller="product-tile-eyebrow"><div class="product-badge__text product-badge__text--product-tile"></div></div><div class="product-tile__thumbnail"><div class="product-tile__thumbnail__image"><div class="lazyload-placeholder" style="height: 140px;"></div><div class="product-in-cart-flag"></div><button class="quickview-button" data-track="productQuickviewButton" data-cruller="productQuickviewButton"><span>Quick View</span><span class="sr-only sr-only-focusable">Cortland Apples 4lb Bag</span></button></div></div><div class="product-tile__details"><div class="product-tile__details__info"><h3 class="product-tile__details__info__name"><a class="product-tile__details__info__name__link" data-cruller="product-tile-title-link" href="/cortland-apples-4lb-bag/p/20630871001_EA"><span class="product-name product-name--product-tile"><span class="product-name__item product-name__item--brand">Farmer's Market</span><span class="product-name__item product-name__item--name" title="Cortland Apples 4lb Bag">Cortland Apples 4lb Bag</span><span class="product-name__item product-name__item--package-size">4 lb bag</span></span></a></h3><div class="product-tile__details__info__section"><div class="product-tile-deal-badge"></div><div class="product-tile__details__info__text-badge"></div><div class="product-prices product-prices--product-tile"><div class="selling-price-list selling-price-list--product-tile"><div class="selling-price-list__item"><span class="price selling-price-list__item__price selling-price-list__item__price--now-price"><span class="price__value selling-price-list__item__price selling-price-list__item__price--now-price__value">$5.98</span><span class="price__unit selling-price-list__item__price selling-price-list__item__price--now-price__unit">ea</span></span></div></div><ul class="comparison-price-list comparison-price-list--product-tile"><li class="comparison-price-list__item"><span class="price comparison-price-list__item__price"><span class="price__value comparison-price-list__item__price__value">$0.33</span><span class="price__unit comparison-price-list__item__price__unit">/ 100g</span></span></li></ul></div></div></div><div class="product-button-group product-button-group--product-tile product-button-group--add-to-list-button product-button-group--inactive" data-cruller="conditional-content-inactive"><button class="quantity-selector quantity-selector--update quantity-selector--horizontal quantity-selector--product-tile quantity-selector--add-to-cart quantity-selector--add-to-list-button" data-track="productAddToCartLocalize" data-track-product-quantity="1" data-track-link-name="add-to-cart-open" data-track-products-array="[{&quot;productSKU&quot;:&quot;20630871001_EA&quot;,&quot;productName&quot;:&quot;Cortland Apples 4lb Bag&quot;,&quot;productBrand&quot;:&quot;Farmer's Market&quot;,&quot;productCatalog&quot;:&quot;grocery&quot;,&quot;productVendor&quot;:null,&quot;productPrice&quot;:&quot;5.98&quot;,&quot;productQuantity&quot;:1,&quot;dealBadge&quot;:null,&quot;loyaltyBadge&quot;:&quot;false&quot;,&quot;textBadge&quot;:&quot;&quot;,&quot;productPosition&quot;:null,&quot;productOrderId&quot;:null,&quot;productVariant&quot;:null,&quot;subProduct&quot;:null}]" data-cruller="quantity-selector-add-to-cart"><span>Add</span></button></div></div></div></div></li><li class="product-tile-group__list__item" data-auid="product-tile"><div class="product-tracking" data-track-article-number="20430790001" data-track-product-id="20430790001_KG" data-track-products-array="[{&quot;productSKU&quot;:&quot;20430790001_KG&quot;,&quot;productName&quot;:&quot;Golden Delicious Apples&quot;,&quot;productBrand&quot;:null,&quot;productCatalog&quot;:&quot;grocery&quot;,&quot;productVendor&quot;:null,&quot;productPrice&quot;:&quot;1.20&quot;,&quot;productQuantity&quot;:null,&quot;dealBadge&quot;:null,&quot;loyaltyBadge&quot;:&quot;false&quot;,&quot;textBadge&quot;:&quot;&quot;,&quot;productPosition&quot;:16,&quot;productOrderId&quot;:null,&quot;productVariant&quot;:null,&quot;subProduct&quot;:null}]" data-track-algorithm-selected-position-array="{&quot;selectedPosition&quot;:&quot;to:16|or:16|sp:null&quot;}" data-track-loyalty-badge="false"><div class="product-tile product-tile--marketplace" data-track-product-index="16" data-auid="product-tile"><div class="product-tile__eyebrow" data-cruller="product-tile-eyebrow"><div class="product-badge__text product-badge__text--product-tile"></div></div><div class="product-tile__thumbnail"><div class="product-tile__thumbnail__image"><div class="lazyload-placeholder" style="height: 140px;"></div><div class="product-in-cart-flag"></div><button class="quickview-button" data-track="productQuickviewButton" data-cruller="productQuickviewButton"><span>Quick View</span><span class="sr-only sr-only-focusable">Golden Delicious Apples</span></button></div></div><div class="product-tile__details"><div class="product-tile__details__info"><h3 class="product-tile__details__info__name"><a class="product-tile__details__info__name__link" data-cruller="product-tile-title-link" href="/golden-delicious-apples/p/20430790001_KG"><span class="product-name product-name--product-tile"><span class="product-name__item product-name__item--name" title="Golden Delicious Apples">Golden Delicious Apples</span></span></a></h3><div class="product-tile__details__info__section"><div class="product-tile-deal-badge"></div><div class="product-tile__details__info__text-badge"></div><div class="product-prices product-prices--product-tile"><div class="selling-price-list selling-price-list--product-tile"><div class="selling-price-list__item"><span class="price selling-price-list__item__price selling-price-list__item__price--now-price"><span class="price__value selling-price-list__item__price selling-price-list__item__price--now-price__value">$1.20</span><span class="price__type selling-price-list__item__price selling-price-list__item__price--now-price__type"><span>(est.)</span></span><span class="price__unit selling-price-list__item__price selling-price-list__item__price--now-price__unit">ea</span></span></div></div><ul class="comparison-price-list comparison-price-list--product-tile"><li class="comparison-price-list__item"><span class="price comparison-price-list__item__price"><span class="price__value comparison-price-list__item__price__value">$5.47</span><span class="price__unit comparison-price-list__item__price__unit">/ 1kg</span></span></li><li class="comparison-price-list__item"><span class="price comparison-price-list__item__price"><span class="price__value comparison-price-list__item__price__value">$2.48</span><span class="price__unit comparison-price-list__item__price__unit">/ 1lb</span></span></li></ul></div></div></div><div class="product-button-group product-button-group--product-tile product-button-group--add-to-list-button product-button-group--inactive" data-cruller="conditional-content-inactive"><button class="quantity-selector quantity-selector--update quantity-selector--horizontal quantity-selector--product-tile quantity-selector--add-to-cart quantity-selector--add-to-list-button" data-track="productAddToCartLocalize" data-track-product-quantity="1" data-track-link-name="add-to-cart-open" data-track-products-array="[{&quot;productSKU&quot;:&quot;20430790001_KG&quot;,&quot;productName&quot;:&quot;Golden Delicious Apples&quot;,&quot;productBrand&quot;:null,&quot;productCatalog&quot;:&quot;grocery&quot;,&quot;productVendor&quot;:null,&quot;productPrice&quot;:&quot;1.20&quot;,&quot;productQuantity&quot;:1,&quot;dealBadge&quot;:null,&quot;loyaltyBadge&quot;:&quot;false&quot;,&quot;textBadge&quot;:&quot;&quot;,&quot;productPosition&quot;:null,&quot;productOrderId&quot;:null,&quot;productVariant&quot;:null,&quot;subProduct&quot;:null}]" data-cruller="quantity-selector-add-to-cart"><span>Add</span></button></div></div></div></div></li><li class="product-tile-group__list__item" data-auid="product-tile"><div class="product-tracking" data-track-article-number="20868985001" data-track-product-id="20868985001_EA" data-track-products-array="[{&quot;productSKU&quot;:&quot;20868985001_EA&quot;,&quot;productName&quot;:&quot;Imperfect Apples&quot;,&quot;productBrand&quot;:&quot;No Name&quot;,&quot;productCatalog&quot;:&quot;grocery&quot;,&quot;productVendor&quot;:null,&quot;productPrice&quot;:&quot;5.98&quot;,&quot;productQuantity&quot;:null,&quot;dealBadge&quot;:null,&quot;loyaltyBadge&quot;:&quot;false&quot;,&quot;textBadge&quot;:&quot;&quot;,&quot;productPosition&quot;:17,&quot;productOrderId&quot;:null,&quot;productVariant&quot;:null,&quot;subProduct&quot;:null}]" data-track-algorithm-selected-position-array="{&quot;selectedPosition&quot;:&quot;to:17|or:17|sp:null&quot;}" data-track-loyalty-badge="false"><div class="product-tile product-tile--marketplace" data-track-product-index="17" data-auid="product-tile"><div class="product-tile__eyebrow" data-cruller="product-tile-eyebrow"><div class="product-badge__text product-badge__text--product-tile"></div></div><div class="product-tile__thumbnail"><div class="product-tile__thumbnail__image"><div class="lazyload-placeholder" style="height: 140px;"></div><div class="product-in-cart-flag"></div><button class="quickview-button" data-track="productQuickviewButton" data-cruller="productQuickviewButton"><span>Quick View</span><span class="sr-only sr-only-focusable">Imperfect Apples</span></button></div></div><div class="product-tile__details"><div class="product-tile__details__info"><h3 class="product-tile__details__info__name"><a class="product-tile__details__info__name__link" data-cruller="product-tile-title-link" href="/imperfect-apples/p/20868985001_EA"><span class="product-name product-name--product-tile"><span class="product-name__item product-name__item--brand">No Name</span><span class="product-name__item product-name__item--name" title="Imperfect Apples">Imperfect Apples</span><span class="product-name__item product-name__item--package-size">6 lb</span></span></a></h3><div class="product-tile__details__info__section"><div class="product-tile-deal-badge"></div><div class="product-tile__details__info__text-badge"></div><div class="product-prices product-prices--product-tile"><div class="selling-price-list selling-price-list--product-tile"><div class="selling-price-list__item"><span class="price selling-price-list__item__price selling-price-list__item__price--now-price"><span class="price__value selling-price-list__item__price selling-price-list__item__price--now-price__value">$5.98</span><span class="price__unit selling-price-list__item__price selling-price-list__item__price--now-price__unit">ea</span></span></div></div><ul class="comparison-price-list comparison-price-list--product-tile"><li class="comparison-price-list__item"><span class="price comparison-price-list__item__price"><span class="price__value comparison-price-list__item__price__value">$0.22</span><span class="price__unit comparison-price-list__item__price__unit">/ 100g</span></span></li></ul></div></div></div><div class="product-button-group product-button-group--product-tile product-button-group--add-to-list-button product-button-group--inactive" data-cruller="conditional-content-inactive"><button class="quantity-selector quantity-selector--update quantity-selector--horizontal quantity-selector--product-tile quantity-selector--add-to-cart quantity-selector--add-to-list-button" data-track="productAddToCartLocalize" data-track-product-quantity="1" data-track-link-name="add-to-cart-open" data-track-products-array="[{&quot;productSKU&quot;:&quot;20868985001_EA&quot;,&quot;productName&quot;:&quot;Imperfect Apples&quot;,&quot;productBrand&quot;:&quot;No Name&quot;,&quot;productCatalog&quot;:&quot;grocery&quot;,&quot;productVendor&quot;:null,&quot;productPrice&quot;:&quot;5.98&quot;,&quot;productQuantity&quot;:1,&quot;dealBadge&quot;:null,&quot;loyaltyBadge&quot;:&quot;false&quot;,&quot;textBadge&quot;:&quot;&quot;,&quot;productPosition&quot;:null,&quot;productOrderId&quot;:null,&quot;productVariant&quot;:null,&quot;subProduct&quot;:null}]" data-cruller="quantity-selector-add-to-cart"><span>Add</span></button></div></div></div></div></li><li class="product-tile-group__list__item" data-auid="product-tile"><div class="product-tracking" data-track-article-number="20632238001" data-track-product-id="20632238001_EA" data-track-products-array="[{&quot;productSKU&quot;:&quot;20632238001_EA&quot;,&quot;productName&quot;:&quot;Red Delicious Apples 4lb Bag&quot;,&quot;productBrand&quot;:&quot;Farmer's Market&quot;,&quot;productCatalog&quot;:&quot;grocery&quot;,&quot;productVendor&quot;:null,&quot;productPrice&quot;:&quot;5.98&quot;,&quot;productQuantity&quot;:null,&quot;dealBadge&quot;:null,&quot;loyaltyBadge&quot;:&quot;false&quot;,&quot;textBadge&quot;:&quot;&quot;,&quot;productPosition&quot;:18,&quot;productOrderId&quot;:null,&quot;productVariant&quot;:null,&quot;subProduct&quot;:null}]" data-track-algorithm-selected-position-array="{&quot;selectedPosition&quot;:&quot;to:18|or:18|sp:null&quot;}" data-track-loyalty-badge="false"><div class="product-tile product-tile--marketplace" data-track-product-index="18" data-auid="product-tile"><div class="product-tile__eyebrow" data-cruller="product-tile-eyebrow"><div class="product-badge__text product-badge__text--product-tile"></div></div><div class="product-tile__thumbnail"><div class="product-tile__thumbnail__image"><div class="lazyload-placeholder" style="height: 140px;"></div><div class="product-in-cart-flag"></div><button class="quickview-button" data-track="productQuickviewButton" data-cruller="productQuickviewButton"><span>Quick View</span><span class="sr-only sr-only-focusable">Red Delicious Apples 4lb Bag</span></button></div></div><div class="product-tile__details"><div class="product-tile__details__info"><h3 class="product-tile__details__info__name"><a class="product-tile__details__info__name__link" data-cruller="product-tile-title-link" href="/red-delicious-apples-4lb-bag/p/20632238001_EA"><span class="product-name product-name--product-tile"><span class="product-name__item product-name__item--brand">Farmer's Market</span><span class="product-name__item product-name__item--name" title="Red Delicious Apples 4lb Bag">Red Delicious Apples 4lb Bag</span><span class="product-name__item product-name__item--package-size">4 lb bag</span></span></a></h3><div class="product-tile__details__info__section"><div class="product-tile-deal-badge"></div><div class="product-tile__details__info__text-badge"></div><div class="product-prices product-prices--product-tile"><div class="selling-price-list selling-price-list--product-tile"><div class="selling-price-list__item"><span class="price selling-price-list__item__price selling-price-list__item__price--now-price"><span class="price__value selling-price-list__item__price selling-price-list__item__price--now-price__value">$5.98</span><span class="price__unit selling-price-list__item__price selling-price-list__item__price--now-price__unit">ea</span></span></div></div><ul class="comparison-price-list comparison-price-list--product-tile"><li class="comparison-price-list__item"><span class="price comparison-price-list__item__price"><span class="price__value comparison-price-list__item__price__value">$0.33</span><span class="price__unit comparison-price-list__item__price__unit">/ 100g</span></span></li></ul></div></div></div><div class="product-button-group product-button-group--product-tile product-button-group--add-to-list-button product-button-group--inactive" data-cruller="conditional-content-inactive"><button class="quantity-selector quantity-selector--update quantity-selector--horizontal quantity-selector--product-tile quantity-selector--add-to-cart quantity-selector--add-to-list-button" data-track="productAddToCartLocalize" data-track-product-quantity="1" data-track-link-name="add-to-cart-open" data-track-products-array="[{&quot;productSKU&quot;:&quot;20632238001_EA&quot;,&quot;productName&quot;:&quot;Red Delicious Apples 4lb Bag&quot;,&quot;productBrand&quot;:&quot;Farmer's Market&quot;,&quot;productCatalog&quot;:&quot;grocery&quot;,&quot;productVendor&quot;:null,&quot;productPrice&quot;:&quot;5.98&quot;,&quot;productQuantity&quot;:1,&quot;dealBadge&quot;:null,&quot;loyaltyBadge&quot;:&quot;false&quot;,&quot;textBadge&quot;:&quot;&quot;,&quot;productPosition&quot;:null,&quot;productOrderId&quot;:null,&quot;productVariant&quot;:null,&quot;subProduct&quot;:null}]" data-cruller="quantity-selector-add-to-cart"><span>Add</span></button></div></div></div></div></li><li class="product-tile-group__list__item" data-auid="product-tile"><div class="product-tracking" data-track-article-number="20100756001" data-track-product-id="20100756001_KG" data-track-products-array="[{&quot;productSKU&quot;:&quot;20100756001_KG&quot;,&quot;productName&quot;:&quot;Organic Gala Apples&quot;,&quot;productBrand&quot;:&quot;PC Organics&quot;,&quot;productCatalog&quot;:&quot;grocery&quot;,&quot;productVendor&quot;:null,&quot;productPrice&quot;:&quot;1.45&quot;,&quot;productQuantity&quot;:null,&quot;dealBadge&quot;:null,&quot;loyaltyBadge&quot;:&quot;false&quot;,&quot;textBadge&quot;:&quot;&quot;,&quot;productPosition&quot;:19,&quot;productOrderId&quot;:null,&quot;productVariant&quot;:null,&quot;subProduct&quot;:null}]" data-track-algorithm-selected-position-array="{&quot;selectedPosition&quot;:&quot;to:19|or:19|sp:null&quot;}" data-track-loyalty-badge="false"><div class="product-tile product-tile--marketplace" data-track-product-index="19" data-auid="product-tile"><div class="product-tile__eyebrow" data-cruller="product-tile-eyebrow"><div class="product-badge__text product-badge__text--product-tile"></div></div><div class="product-tile__thumbnail"><div class="product-tile__thumbnail__image"><div class="lazyload-placeholder" style="height: 140px;"></div><div class="product-in-cart-flag"></div><button class="quickview-button" data-track="productQuickviewButton" data-cruller="productQuickviewButton"><span>Quick View</span><span class="sr-only sr-only-focusable">Organic Gala Apples</span></button></div></div><div class="product-tile__details"><div class="product-tile__details__info"><h3 class="product-tile__details__info__name"><a class="product-tile__details__info__name__link" data-cruller="product-tile-title-link" href="/organic-gala-apples/p/20100756001_KG"><span class="product-name product-name--product-tile"><span class="product-name__item product-name__item--brand">PC Organics</span><span class="product-name__item product-name__item--name" title="Organic Gala Apples">Organic Gala Apples</span></span></a></h3><div class="product-tile__details__info__section"><div class="product-tile-deal-badge"></div><div class="product-tile__details__info__text-badge"></div><div class="product-prices product-prices--product-tile"><div class="selling-price-list selling-price-list--product-tile"><div class="selling-price-list__item"><span class="price selling-price-list__item__price selling-price-list__item__price--now-price"><span class="price__value selling-price-list__item__price selling-price-list__item__price--now-price__value">$1.45</span><span class="price__type selling-price-list__item__price selling-price-list__item__price--now-price__type"><span>(est.)</span></span><span class="price__unit selling-price-list__item__price selling-price-list__item__price--now-price__unit">ea</span></span></div></div><ul class="comparison-price-list comparison-price-list--product-tile"><li class="comparison-price-list__item"><span class="price comparison-price-list__item__price"><span class="price__value comparison-price-list__item__price__value">$6.57</span><span class="price__unit comparison-price-list__item__price__unit">/ 1kg</span></span></li><li class="comparison-price-list__item"><span class="price comparison-price-list__item__price"><span class="price__value comparison-price-list__item__price__value">$2.98</span><span class="price__unit comparison-price-list__item__price__unit">/ 1lb</span></span></li></ul></div></div></div><div class="product-button-group product-button-group--product-tile product-button-group--add-to-list-button product-button-group--inactive" data-cruller="conditional-content-inactive"><button class="quantity-selector quantity-selector--update quantity-selector--horizontal quantity-selector--product-tile quantity-selector--add-to-cart quantity-selector--add-to-list-button" data-track="productAddToCartLocalize" data-track-product-quantity="1" data-track-link-name="add-to-cart-open" data-track-products-array="[{&quot;productSKU&quot;:&quot;20100756001_KG&quot;,&quot;productName&quot;:&quot;Organic Gala Apples&quot;,&quot;productBrand&quot;:&quot;PC Organics&quot;,&quot;productCatalog&quot;:&quot;grocery&quot;,&quot;productVendor&quot;:null,&quot;productPrice&quot;:&quot;1.45&quot;,&quot;productQuantity&quot;:1,&quot;dealBadge&quot;:null,&quot;loyaltyBadge&quot;:&quot;false&quot;,&quot;textBadge&quot;:&quot;&quot;,&quot;productPosition&quot;:null,&quot;productOrderId&quot;:null,&quot;productVariant&quot;:null,&quot;subProduct&quot;:null}]" data-cruller="quantity-selector-add-to-cart"><span>Add</span></button></div></div></div></div></li><li class="product-tile-group__list__item" data-auid="product-tile"><div class="product-tracking" data-track-article-number="20128645001" data-track-product-id="20128645001_EA" data-track-products-array="[{&quot;productSKU&quot;:&quot;20128645001_EA&quot;,&quot;productName&quot;:&quot;Granny Smith Apples 4lb Bag&quot;,&quot;productBrand&quot;:&quot;Farmer's Market&quot;,&quot;productCatalog&quot;:&quot;grocery&quot;,&quot;productVendor&quot;:null,&quot;productPrice&quot;:&quot;6.98&quot;,&quot;productQuantity&quot;:null,&quot;dealBadge&quot;:null,&quot;loyaltyBadge&quot;:&quot;false&quot;,&quot;textBadge&quot;:&quot;&quot;,&quot;productPosition&quot;:20,&quot;productOrderId&quot;:null,&quot;productVariant&quot;:null,&quot;subProduct&quot;:null}]" data-track-algorithm-selected-position-array="{&quot;selectedPosition&quot;:&quot;to:20|or:20|sp:null&quot;}" data-track-loyalty-badge="false"><div class="product-tile product-tile--marketplace" data-track-product-index="20" data-auid="product-tile"><div class="product-tile__eyebrow" data-cruller="product-tile-eyebrow"><div class="product-badge__text product-badge__text--product-tile"></div></div><div class="product-tile__thumbnail"><div class="product-tile__thumbnail__image"><div class="lazyload-placeholder" style="height: 140px;"></div><div class="product-in-cart-flag"></div><button class="quickview-button" data-track="productQuickviewButton" data-cruller="productQuickviewButton"><span>Quick View</span><span class="sr-only sr-only-focusable">Granny Smith Apples 4lb Bag</span></button></div></div><div class="product-tile__details"><div class="product-tile__details__info"><h3 class="product-tile__details__info__name"><a class="product-tile__details__info__name__link" data-cruller="product-tile-title-link" href="/granny-smith-apples-4lb-bag/p/20128645001_EA"><span class="product-name product-name--product-tile"><span class="product-name__item product-name__item--brand">Farmer's Market</span><span class="product-name__item product-name__item--name" title="Granny Smith Apples 4lb Bag">Granny Smith Apples 4lb Bag</span><span class="product-name__item product-name__item--package-size">4 lb bag</span></span></a></h3><div class="product-tile__details__info__section"><div class="product-tile-deal-badge"></div><div class="product-tile__details__info__text-badge"></div><div class="product-prices product-prices--product-tile"><div class="selling-price-list selling-price-list--product-tile"><div class="selling-price-list__item"><span class="price selling-price-list__item__price selling-price-list__item__price--now-price"><span class="price__value selling-price-list__item__price selling-price-list__item__price--now-price__value">$6.98</span><span class="price__unit selling-price-list__item__price selling-price-list__item__price--now-price__unit">ea</span></span></div></div><ul class="comparison-price-list comparison-price-list--product-tile"><li class="comparison-price-list__item"><span class="price comparison-price-list__item__price"><span class="price__value comparison-price-list__item__price__value">$0.39</span><span class="price__unit comparison-price-list__item__price__unit">/ 100g</span></span></li></ul></div></div></div><div class="product-button-group product-button-group--product-tile product-button-group--add-to-list-button product-button-group--inactive" data-cruller="conditional-content-inactive"><button class="quantity-selector quantity-selector--update quantity-selector--horizontal quantity-selector--product-tile quantity-selector--add-to-cart quantity-selector--add-to-list-button" data-track="productAddToCartLocalize" data-track-product-quantity="1" data-track-link-name="add-to-cart-open" data-track-products-array="[{&quot;productSKU&quot;:&quot;20128645001_EA&quot;,&quot;productName&quot;:&quot;Granny Smith Apples 4lb Bag&quot;,&quot;productBrand&quot;:&quot;Farmer's Market&quot;,&quot;productCatalog&quot;:&quot;grocery&quot;,&quot;productVendor&quot;:null,&quot;productPrice&quot;:&quot;6.98&quot;,&quot;productQuantity&quot;:1,&quot;dealBadge&quot;:null,&quot;loyaltyBadge&quot;:&quot;false&quot;,&quot;textBadge&quot;:&quot;&quot;,&quot;productPosition&quot;:null,&quot;productOrderId&quot;:null,&quot;productVariant&quot;:null,&quot;subProduct&quot;:null}]" data-cruller="quantity-selector-add-to-cart"><span>Add</span></button></div></div></div></div></li><li class="product-tile-group__list__item" data-auid="product-tile"><div class="product-tracking" data-track-article-number="20281372001" data-track-product-id="20281372001_EA" data-track-products-array="[{&quot;productSKU&quot;:&quot;20281372001_EA&quot;,&quot;productName&quot;:&quot;Spartan Apples 4lb Bag&quot;,&quot;productBrand&quot;:&quot;Farmer's Market&quot;,&quot;productCatalog&quot;:&quot;grocery&quot;,&quot;productVendor&quot;:null,&quot;productPrice&quot;:&quot;5.98&quot;,&quot;productQuantity&quot;:null,&quot;dealBadge&quot;:null,&quot;loyaltyBadge&quot;:&quot;false&quot;,&quot;textBadge&quot;:&quot;&quot;,&quot;productPosition&quot;:21,&quot;productOrderId&quot;:null,&quot;productVariant&quot;:null,&quot;subProduct&quot;:null}]" data-track-algorithm-selected-position-array="{&quot;selectedPosition&quot;:&quot;to:21|or:21|sp:null&quot;}" data-track-loyalty-badge="false"><div class="product-tile product-tile--marketplace" data-track-product-index="21" data-auid="product-tile"><div class="product-tile__eyebrow" data-cruller="product-tile-eyebrow"><div class="product-badge__text product-badge__text--product-tile"></div></div><div class="product-tile__thumbnail"><div class="product-tile__thumbnail__image"><div class="lazyload-placeholder" style="height: 140px;"></div><div class="product-in-cart-flag"></div><button class="quickview-button" data-track="productQuickviewButton" data-cruller="productQuickviewButton"><span>Quick View</span><span class="sr-only sr-only-focusable">Spartan Apples 4lb Bag</span></button></div></div><div class="product-tile__details"><div class="product-tile__details__info"><h3 class="product-tile__details__info__name"><a class="product-tile__details__info__name__link" data-cruller="product-tile-title-link" href="/spartan-apples-4lb-bag/p/20281372001_EA"><span class="product-name product-name--product-tile"><span class="product-name__item product-name__item--brand">Farmer's Market</span><span class="product-name__item product-name__item--name" title="Spartan Apples 4lb Bag">Spartan Apples 4lb Bag</span><span class="product-name__item product-name__item--package-size">4 lb bag</span></span></a></h3><div class="product-tile__details__info__section"><div class="product-tile-deal-badge"></div><div class="product-tile__details__info__text-badge"></div><div class="product-prices product-prices--product-tile"><div class="selling-price-list selling-price-list--product-tile"><div class="selling-price-list__item"><span class="price selling-price-list__item__price selling-price-list__item__price--now-price"><span class="price__value selling-price-list__item__price selling-price-list__item__price--now-price__value">$5.98</span><span class="price__unit selling-price-list__item__price selling-price-list__item__price--now-price__unit">ea</span></span></div></div><ul class="comparison-price-list comparison-price-list--product-tile"><li class="comparison-price-list__item"><span class="price comparison-price-list__item__price"><span class="price__value comparison-price-list__item__price__value">$0.33</span><span class="price__unit comparison-price-list__item__price__unit">/ 100g</span></span></li></ul></div></div></div><div class="product-button-group product-button-group--product-tile product-button-group--add-to-list-button product-button-group--inactive" data-cruller="conditional-content-inactive"><button class="quantity-selector quantity-selector--update quantity-selector--horizontal quantity-selector--product-tile quantity-selector--add-to-cart quantity-selector--add-to-list-button" data-track="productAddToCartLocalize" data-track-product-quantity="1" data-track-link-name="add-to-cart-open" data-track-products-array="[{&quot;productSKU&quot;:&quot;20281372001_EA&quot;,&quot;productName&quot;:&quot;Spartan Apples 4lb Bag&quot;,&quot;productBrand&quot;:&quot;Farmer's Market&quot;,&quot;productCatalog&quot;:&quot;grocery&quot;,&quot;productVendor&quot;:null,&quot;productPrice&quot;:&quot;5.98&quot;,&quot;productQuantity&quot;:1,&quot;dealBadge&quot;:null,&quot;loyaltyBadge&quot;:&quot;false&quot;,&quot;textBadge&quot;:&quot;&quot;,&quot;productPosition&quot;:null,&quot;productOrderId&quot;:null,&quot;productVariant&quot;:null,&quot;subProduct&quot;:null}]" data-cruller="quantity-selector-add-to-cart"><span>Add</span></button></div></div></div></div></li><li class="product-tile-group__list__item" data-auid="product-tile"><div class="product-tracking" data-track-article-number="20613154001" data-track-product-id="20613154001_EA" data-track-products-array="[{&quot;productSKU&quot;:&quot;20613154001_EA&quot;,&quot;productName&quot;:&quot;Hand-Picked Fuji Apples&quot;,&quot;productBrand&quot;:&quot;PC Organics&quot;,&quot;productCatalog&quot;:&quot;grocery&quot;,&quot;productVendor&quot;:null,&quot;productPrice&quot;:&quot;5.98&quot;,&quot;productQuantity&quot;:null,&quot;dealBadge&quot;:null,&quot;loyaltyBadge&quot;:&quot;false&quot;,&quot;textBadge&quot;:&quot;&quot;,&quot;productPosition&quot;:22,&quot;productOrderId&quot;:null,&quot;productVariant&quot;:null,&quot;subProduct&quot;:null}]" data-track-algorithm-selected-position-array="{&quot;selectedPosition&quot;:&quot;to:22|or:22|sp:null&quot;}" data-track-loyalty-badge="false"><div class="product-tile product-tile--marketplace" data-track-product-index="22" data-auid="product-tile"><div class="product-tile__eyebrow" data-cruller="product-tile-eyebrow"><div class="product-badge__text product-badge__text--product-tile"></div></div><div class="product-tile__thumbnail"><div class="product-tile__thumbnail__image"><div class="lazyload-placeholder" style="height: 140px;"></div><div class="product-in-cart-flag"></div><button class="quickview-button" data-track="productQuickviewButton" data-cruller="productQuickviewButton"><span>Quick View</span><span class="sr-only sr-only-focusable">Hand-Picked Fuji Apples</span></button></div></div><div class="product-tile__details"><div class="product-tile__details__info"><h3 class="product-tile__details__info__name"><a class="product-tile__details__info__name__link" data-cruller="product-tile-title-link" href="/hand-picked-fuji-apples/p/20613154001_EA"><span class="product-name product-name--product-tile"><span class="product-name__item product-name__item--brand">PC Organics</span><span class="product-name__item product-name__item--name" title="Hand-Picked Fuji Apples">Hand-Picked Fuji Apples</span><span class="product-name__item product-name__item--package-size">3 lb bag</span></span></a></h3><div class="product-tile__details__info__section"><div class="product-tile-deal-badge"></div><div class="product-tile__details__info__text-badge"></div><div class="product-prices product-prices--product-tile"><div class="selling-price-list selling-price-list--product-tile"><div class="selling-price-list__item"><span class="price selling-price-list__item__price selling-price-list__item__price--now-price"><span class="price__value selling-price-list__item__price selling-price-list__item__price--now-price__value">$5.98</span><span class="price__unit selling-price-list__item__price selling-price-list__item__price--now-price__unit">ea</span></span></div></div><ul class="comparison-price-list comparison-price-list--product-tile"><li class="comparison-price-list__item"><span class="price comparison-price-list__item__price"><span class="price__value comparison-price-list__item__price__value">$0.44</span><span class="price__unit comparison-price-list__item__price__unit">/ 100g</span></span></li></ul></div></div></div><div class="product-button-group product-button-group--product-tile product-button-group--add-to-list-button product-button-group--inactive" data-cruller="conditional-content-inactive"><button class="quantity-selector quantity-selector--update quantity-selector--horizontal quantity-selector--product-tile quantity-selector--add-to-cart quantity-selector--add-to-list-button" data-track="productAddToCartLocalize" data-track-product-quantity="1" data-track-link-name="add-to-cart-open" data-track-products-array="[{&quot;productSKU&quot;:&quot;20613154001_EA&quot;,&quot;productName&quot;:&quot;Hand-Picked Fuji Apples&quot;,&quot;productBrand&quot;:&quot;PC Organics&quot;,&quot;productCatalog&quot;:&quot;grocery&quot;,&quot;productVendor&quot;:null,&quot;productPrice&quot;:&quot;5.98&quot;,&quot;productQuantity&quot;:1,&quot;dealBadge&quot;:null,&quot;loyaltyBadge&quot;:&quot;false&quot;,&quot;textBadge&quot;:&quot;&quot;,&quot;productPosition&quot;:null,&quot;productOrderId&quot;:null,&quot;productVariant&quot;:null,&quot;subProduct&quot;:null}]" data-cruller="quantity-selector-add-to-cart"><span>Add</span></button></div></div></div></div></li><li class="product-tile-group__list__item" data-auid="product-tile"><div class="product-tracking" data-track-article-number="20183632001" data-track-product-id="20183632001_KG" data-track-products-array="[{&quot;productSKU&quot;:&quot;20183632001_KG&quot;,&quot;productName&quot;:&quot;Honeycrisp Apples&quot;,&quot;productBrand&quot;:&quot;PC Organics&quot;,&quot;productCatalog&quot;:&quot;grocery&quot;,&quot;productVendor&quot;:null,&quot;productPrice&quot;:&quot;2.21&quot;,&quot;productQuantity&quot;:null,&quot;dealBadge&quot;:null,&quot;loyaltyBadge&quot;:&quot;false&quot;,&quot;textBadge&quot;:&quot;&quot;,&quot;productPosition&quot;:23,&quot;productOrderId&quot;:null,&quot;productVariant&quot;:null,&quot;subProduct&quot;:null}]" data-track-algorithm-selected-position-array="{&quot;selectedPosition&quot;:&quot;to:23|or:23|sp:null&quot;}" data-track-loyalty-badge="false"><div class="product-tile product-tile--marketplace" data-track-product-index="23" data-auid="product-tile"><div class="product-tile__eyebrow" data-cruller="product-tile-eyebrow"><div class="product-badge__text product-badge__text--product-tile"></div></div><div class="product-tile__thumbnail"><div class="product-tile__thumbnail__image"><div class="lazyload-placeholder" style="height: 140px;"></div><div class="product-in-cart-flag"></div><button class="quickview-button" data-track="productQuickviewButton" data-cruller="productQuickviewButton"><span>Quick View</span><span class="sr-only sr-only-focusable">Honeycrisp Apples</span></button></div></div><div class="product-tile__details"><div class="product-tile__details__info"><h3 class="product-tile__details__info__name"><a class="product-tile__details__info__name__link" data-cruller="product-tile-title-link" href="/honeycrisp-apples/p/20183632001_KG"><span class="product-name product-name--product-tile"><span class="product-name__item product-name__item--brand">PC Organics</span><span class="product-name__item product-name__item--name" title="Honeycrisp Apples">Honeycrisp Apples</span></span></a></h3><div class="product-tile__details__info__section"><div class="product-tile-deal-badge"></div><div class="product-tile__details__info__text-badge"></div><div class="product-prices product-prices--product-tile"><div class="selling-price-list selling-price-list--product-tile"><div class="selling-price-list__item"><span class="price selling-price-list__item__price selling-price-list__item__price--now-price"><span class="price__value selling-price-list__item__price selling-price-list__item__price--now-price__value">$2.21</span><span class="price__type selling-price-list__item__price selling-price-list__item__price--now-price__type"><span>(est.)</span></span><span class="price__unit selling-price-list__item__price selling-price-list__item__price--now-price__unit">ea</span></span></div></div><ul class="comparison-price-list comparison-price-list--product-tile"><li class="comparison-price-list__item"><span class="price comparison-price-list__item__price"><span class="price__value comparison-price-list__item__price__value">$8.77</span><span class="price__unit comparison-price-list__item__price__unit">/ 1kg</span></span></li><li class="comparison-price-list__item"><span class="price comparison-price-list__item__price"><span class="price__value comparison-price-list__item__price__value">$3.98</span><span class="price__unit comparison-price-list__item__price__unit">/ 1lb</span></span></li></ul></div></div></div><div class="product-button-group product-button-group--product-tile product-button-group--add-to-list-button product-button-group--inactive" data-cruller="conditional-content-inactive"><button class="quantity-selector quantity-selector--update quantity-selector--horizontal quantity-selector--product-tile quantity-selector--add-to-cart quantity-selector--add-to-list-button" data-track="productAddToCartLocalize" data-track-product-quantity="1" data-track-link-name="add-to-cart-open" data-track-products-array="[{&quot;productSKU&quot;:&quot;20183632001_KG&quot;,&quot;productName&quot;:&quot;Honeycrisp Apples&quot;,&quot;productBrand&quot;:&quot;PC Organics&quot;,&quot;productCatalog&quot;:&quot;grocery&quot;,&quot;productVendor&quot;:null,&quot;productPrice&quot;:&quot;2.21&quot;,&quot;productQuantity&quot;:1,&quot;dealBadge&quot;:null,&quot;loyaltyBadge&quot;:&quot;false&quot;,&quot;textBadge&quot;:&quot;&quot;,&quot;productPosition&quot;:null,&quot;productOrderId&quot;:null,&quot;productVariant&quot;:null,&quot;subProduct&quot;:null}]" data-cruller="quantity-selector-add-to-cart"><span>Add</span></button></div></div></div></div></li><li class="product-tile-group__list__item" data-auid="product-tile"><div class="product-tracking" data-track-article-number="20673185001" data-track-product-id="20673185001_KG" data-track-products-array="[{&quot;productSKU&quot;:&quot;20673185001_KG&quot;,&quot;productName&quot;:&quot;Pazazz Apple&quot;,&quot;productBrand&quot;:null,&quot;productCatalog&quot;:&quot;grocery&quot;,&quot;productVendor&quot;:null,&quot;productPrice&quot;:&quot;1.34&quot;,&quot;productQuantity&quot;:null,&quot;dealBadge&quot;:null,&quot;loyaltyBadge&quot;:&quot;false&quot;,&quot;textBadge&quot;:&quot;&quot;,&quot;productPosition&quot;:24,&quot;productOrderId&quot;:null,&quot;productVariant&quot;:null,&quot;subProduct&quot;:null}]" data-track-algorithm-selected-position-array="{&quot;selectedPosition&quot;:&quot;to:24|or:24|sp:null&quot;}" data-track-loyalty-badge="false"><div class="product-tile product-tile--marketplace" data-track-product-index="24" data-auid="product-tile"><div class="product-tile__eyebrow" data-cruller="product-tile-eyebrow"><div class="product-badge__text product-badge__text--product-tile"></div></div><div class="product-tile__thumbnail"><div class="product-tile__thumbnail__image"><div class="lazyload-placeholder" style="height: 140px;"></div><div class="product-in-cart-flag"></div><button class="quickview-button" data-track="productQuickviewButton" data-cruller="productQuickviewButton"><span>Quick View</span><span class="sr-only sr-only-focusable">Pazazz Apple</span></button></div></div><div class="product-tile__details"><div class="product-tile__details__info"><h3 class="product-tile__details__info__name"><a class="product-tile__details__info__name__link" data-cruller="product-tile-title-link" href="/pazazz-apple/p/20673185001_KG"><span class="product-name product-name--product-tile"><span class="product-name__item product-name__item--name" title="Pazazz Apple">Pazazz Apple</span></span></a></h3><div class="product-tile__details__info__section"><div class="product-tile-deal-badge"></div><div class="product-tile__details__info__text-badge"></div><div class="product-prices product-prices--product-tile"><div class="selling-price-list selling-price-list--product-tile"><div class="selling-price-list__item"><span class="price selling-price-list__item__price selling-price-list__item__price--now-price"><span class="price__value selling-price-list__item__price selling-price-list__item__price--now-price__value">$1.34</span><span class="price__type selling-price-list__item__price selling-price-list__item__price--now-price__type"><span>(est.)</span></span><span class="price__unit selling-price-list__item__price selling-price-list__item__price--now-price__unit">ea</span></span></div></div><ul class="comparison-price-list comparison-price-list--product-tile"><li class="comparison-price-list__item"><span class="price comparison-price-list__item__price"><span class="price__value comparison-price-list__item__price__value">$5.47</span><span class="price__unit comparison-price-list__item__price__unit">/ 1kg</span></span></li><li class="comparison-price-list__item"><span class="price comparison-price-list__item__price"><span class="price__value comparison-price-list__item__price__value">$2.48</span><span class="price__unit comparison-price-list__item__price__unit">/ 1lb</span></span></li></ul></div></div></div><div class="product-button-group product-button-group--product-tile product-button-group--add-to-list-button product-button-group--inactive" data-cruller="conditional-content-inactive"><button class="quantity-selector quantity-selector--update quantity-selector--horizontal quantity-selector--product-tile quantity-selector--add-to-cart quantity-selector--add-to-list-button" data-track="productAddToCartLocalize" data-track-product-quantity="1" data-track-link-name="add-to-cart-open" data-track-products-array="[{&quot;productSKU&quot;:&quot;20673185001_KG&quot;,&quot;productName&quot;:&quot;Pazazz Apple&quot;,&quot;productBrand&quot;:null,&quot;productCatalog&quot;:&quot;grocery&quot;,&quot;productVendor&quot;:null,&quot;productPrice&quot;:&quot;1.34&quot;,&quot;productQuantity&quot;:1,&quot;dealBadge&quot;:null,&quot;loyaltyBadge&quot;:&quot;false&quot;,&quot;textBadge&quot;:&quot;&quot;,&quot;productPosition&quot;:null,&quot;productOrderId&quot;:null,&quot;productVariant&quot;:null,&quot;subProduct&quot;:null}]" data-cruller="quantity-selector-add-to-cart"><span>Add</span></button></div></div></div></div></li><li class="product-tile-group__list__item" data-auid="product-tile"><div class="product-tracking" data-track-article-number="21240884001" data-track-product-id="21240884001_KG" data-track-products-array="[{&quot;productSKU&quot;:&quot;21240884001_KG&quot;,&quot;productName&quot;:&quot;Apple Cosmic Crisp&quot;,&quot;productBrand&quot;:null,&quot;productCatalog&quot;:&quot;grocery&quot;,&quot;productVendor&quot;:null,&quot;productPrice&quot;:&quot;5.47&quot;,&quot;productQuantity&quot;:null,&quot;dealBadge&quot;:null,&quot;loyaltyBadge&quot;:&quot;false&quot;,&quot;textBadge&quot;:&quot;&quot;,&quot;productPosition&quot;:25,&quot;productOrderId&quot;:null,&quot;productVariant&quot;:null,&quot;subProduct&quot;:null}]" data-track-algorithm-selected-position-array="{&quot;selectedPosition&quot;:&quot;to:25|or:25|sp:null&quot;}" data-track-loyalty-badge="false"><div class="product-tile product-tile--marketplace" data-track-product-index="25" data-auid="product-tile"><div class="product-tile__eyebrow" data-cruller="product-tile-eyebrow"><div class="product-badge__text product-badge__text--product-tile"></div></div><div class="product-tile__thumbnail"><div class="product-tile__thumbnail__image"><div class="lazyload-placeholder" style="height: 140px;"></div><div class="product-in-cart-flag"></div><button class="quickview-button" data-track="productQuickviewButton" data-cruller="productQuickviewButton"><span>Quick View</span><span class="sr-only sr-only-focusable">Apple Cosmic Crisp</span></button></div></div><div class="product-tile__details"><div class="product-tile__details__info"><h3 class="product-tile__details__info__name"><a class="product-tile__details__info__name__link" data-cruller="product-tile-title-link" href="/apple-cosmic-crisp/p/21240884001_KG"><span class="product-name product-name--product-tile"><span class="product-name__item product-name__item--name" title="Apple Cosmic Crisp">Apple Cosmic Crisp</span></span></a></h3><div class="product-tile__details__info__section"><div class="product-tile-deal-badge"></div><div class="product-tile__details__info__text-badge"></div><div class="product-prices product-prices--product-tile"><div class="selling-price-list selling-price-list--product-tile"><div class="selling-price-list__item"><span class="price selling-price-list__item__price selling-price-list__item__price--now-price"><span class="price__value selling-price-list__item__price selling-price-list__item__price--now-price__value">$5.47</span><span class="price__unit selling-price-list__item__price selling-price-list__item__price--now-price__unit">/1 kg</span></span></div></div><ul class="comparison-price-list comparison-price-list--product-tile"><li class="comparison-price-list__item"><span class="price comparison-price-list__item__price"><span class="price__value comparison-price-list__item__price__value">$5.47</span><span class="price__unit comparison-price-list__item__price__unit">/ 1kg</span></span></li></ul></div></div></div><div class="product-button-group product-button-group--product-tile product-button-group--add-to-list-button product-button-group--inactive" data-cruller="conditional-content-inactive"><button class="quantity-selector quantity-selector--update quantity-selector--horizontal quantity-selector--product-tile quantity-selector--add-to-cart quantity-selector--add-to-list-button" data-track="productAddToCartLocalize" data-track-product-quantity="1" data-track-link-name="add-to-cart-open" data-track-products-array="[{&quot;productSKU&quot;:&quot;21240884001_KG&quot;,&quot;productName&quot;:&quot;Apple Cosmic Crisp&quot;,&quot;productBrand&quot;:null,&quot;productCatalog&quot;:&quot;grocery&quot;,&quot;productVendor&quot;:null,&quot;productPrice&quot;:&quot;5.47&quot;,&quot;productQuantity&quot;:1,&quot;dealBadge&quot;:null,&quot;loyaltyBadge&quot;:&quot;false&quot;,&quot;textBadge&quot;:&quot;&quot;,&quot;productPosition&quot;:null,&quot;productOrderId&quot;:null,&quot;productVariant&quot;:null,&quot;subProduct&quot;:null}]" data-cruller="quantity-selector-add-to-cart"><span>Add</span></button></div></div></div></div></li><li class="product-tile-group__list__item" data-auid="product-tile"><div class="product-tracking" data-track-article-number="20322697002" data-track-product-id="20322697002_EA" data-track-products-array="[{&quot;productSKU&quot;:&quot;20322697002_EA&quot;,&quot;productName&quot;:&quot;Squeeze, Apple&quot;,&quot;productBrand&quot;:&quot;GoGo squeez&quot;,&quot;productCatalog&quot;:&quot;grocery&quot;,&quot;productVendor&quot;:null,&quot;productPrice&quot;:&quot;3.28&quot;,&quot;productQuantity&quot;:null,&quot;dealBadge&quot;:null,&quot;loyaltyBadge&quot;:&quot;false&quot;,&quot;textBadge&quot;:&quot;&quot;,&quot;productPosition&quot;:26,&quot;productOrderId&quot;:null,&quot;productVariant&quot;:null,&quot;subProduct&quot;:null}]" data-track-algorithm-selected-position-array="{&quot;selectedPosition&quot;:&quot;to:26|or:26|sp:null&quot;}" data-track-loyalty-badge="false"><div class="product-tile product-tile--marketplace" data-track-product-index="26" data-auid="product-tile"><div class="product-tile__eyebrow" data-cruller="product-tile-eyebrow"><div class="product-badge__text product-badge__text--product-tile"></div></div><div class="product-tile__thumbnail"><div class="product-tile__thumbnail__image"><div class="lazyload-placeholder" style="height: 140px;"></div><div class="product-in-cart-flag"></div><button class="quickview-button" data-track="productQuickviewButton" data-cruller="productQuickviewButton"><span>Quick View</span><span class="sr-only sr-only-focusable">Squeeze, Apple</span></button></div></div><div class="product-tile__details"><div class="product-tile__details__info"><h3 class="product-tile__details__info__name"><a class="product-tile__details__info__name__link" data-cruller="product-tile-title-link" href="/squeeze-apple/p/20322697002_EA"><span class="product-name product-name--product-tile"><span class="product-name__item product-name__item--brand">GoGo squeez</span><span class="product-name__item product-name__item--name" title="Squeeze, Apple">Squeeze, Apple</span><span class="product-name__item product-name__item--package-size">4x90.0 g</span></span></a></h3><div class="product-tile__details__info__section"><div class="product-tile-deal-badge"></div><div class="product-tile__details__info__text-badge"></div><div class="product-prices product-prices--product-tile"><div class="selling-price-list selling-price-list--product-tile"><div class="selling-price-list__item"><span class="price selling-price-list__item__price selling-price-list__item__price--now-price"><span class="price__value selling-price-list__item__price selling-price-list__item__price--now-price__value">$3.28</span><span class="price__unit selling-price-list__item__price selling-price-list__item__price--now-price__unit">ea</span></span></div></div><ul class="comparison-price-list comparison-price-list--product-tile"><li class="comparison-price-list__item"><span class="price comparison-price-list__item__price"><span class="price__value comparison-price-list__item__price__value">$0.91</span><span class="price__unit comparison-price-list__item__price__unit">/ 100g</span></span></li></ul></div></div></div><div class="product-button-group product-button-group--product-tile product-button-group--add-to-list-button product-button-group--inactive" data-cruller="conditional-content-inactive"><button class="quantity-selector quantity-selector--update quantity-selector--horizontal quantity-selector--product-tile quantity-selector--add-to-cart quantity-selector--add-to-list-button" data-track="productAddToCartLocalize" data-track-product-quantity="1" data-track-link-name="add-to-cart-open" data-track-products-array="[{&quot;productSKU&quot;:&quot;20322697002_EA&quot;,&quot;productName&quot;:&quot;Squeeze, Apple&quot;,&quot;productBrand&quot;:&quot;GoGo squeez&quot;,&quot;productCatalog&quot;:&quot;grocery&quot;,&quot;productVendor&quot;:null,&quot;productPrice&quot;:&quot;3.28&quot;,&quot;productQuantity&quot;:1,&quot;dealBadge&quot;:null,&quot;loyaltyBadge&quot;:&quot;false&quot;,&quot;textBadge&quot;:&quot;&quot;,&quot;productPosition&quot;:null,&quot;productOrderId&quot;:null,&quot;productVariant&quot;:null,&quot;subProduct&quot;:null}]" data-cruller="quantity-selector-add-to-cart"><span>Add</span></button></div></div></div></div></li><li class="product-tile-group__list__item" data-auid="product-tile"><div class="product-tracking" data-track-article-number="21108306" data-track-product-id="21108306_EA" data-track-products-array="[{&quot;productSKU&quot;:&quot;21108306_EA&quot;,&quot;productName&quot;:&quot;Fruit Sauce Organic Apple Apple&quot;,&quot;productBrand&quot;:&quot;GoGo squeez&quot;,&quot;productCatalog&quot;:&quot;grocery&quot;,&quot;productVendor&quot;:null,&quot;productPrice&quot;:&quot;4.00&quot;,&quot;productQuantity&quot;:null,&quot;dealBadge&quot;:null,&quot;loyaltyBadge&quot;:&quot;false&quot;,&quot;textBadge&quot;:&quot;&quot;,&quot;productPosition&quot;:27,&quot;productOrderId&quot;:null,&quot;productVariant&quot;:null,&quot;subProduct&quot;:null}]" data-track-algorithm-selected-position-array="{&quot;selectedPosition&quot;:&quot;to:27|or:27|sp:null&quot;}" data-track-loyalty-badge="false"><div class="product-tile product-tile--marketplace" data-track-product-index="27" data-auid="product-tile"><div class="product-tile__eyebrow" data-cruller="product-tile-eyebrow"><div class="product-badge__text product-badge__text--product-tile"></div></div><div class="product-tile__thumbnail"><div class="product-tile__thumbnail__image"><div class="lazyload-placeholder" style="height: 140px;"></div><div class="product-in-cart-flag"></div><button class="quickview-button" data-track="productQuickviewButton" data-cruller="productQuickviewButton"><span>Quick View</span><span class="sr-only sr-only-focusable">Fruit Sauce Organic Apple Apple</span></button></div></div><div class="product-tile__details"><div class="product-tile__details__info"><h3 class="product-tile__details__info__name"><a class="product-tile__details__info__name__link" data-cruller="product-tile-title-link" href="/fruit-sauce-organic-apple-apple/p/21108306_EA"><span class="product-name product-name--product-tile"><span class="product-name__item product-name__item--brand">GoGo squeez</span><span class="product-name__item product-name__item--name" title="Fruit Sauce Organic Apple Apple">Fruit Sauce Organic Apple Apple</span><span class="product-name__item product-name__item--package-size">360 g</span></span></a></h3><div class="product-tile__details__info__section"><div class="product-tile-deal-badge"></div><div class="product-tile__details__info__text-badge"></div><div class="product-prices product-prices--product-tile"><div class="selling-price-list selling-price-list--product-tile"><div class="selling-price-list__item"><span class="price selling-price-list__item__price selling-price-list__item__price--now-price"><span class="price__value selling-price-list__item__price selling-price-list__item__price--now-price__value">$4.00</span><span class="price__unit selling-price-list__item__price selling-price-list__item__price--now-price__unit">ea</span></span></div></div><ul class="comparison-price-list comparison-price-list--product-tile"><li class="comparison-price-list__item"><span class="price comparison-price-list__item__price"><span class="price__value comparison-price-list__item__price__value">$1.11</span><span class="price__unit comparison-price-list__item__price__unit">/ 100g</span></span></li></ul></div></div></div><div class="product-button-group product-button-group--product-tile product-button-group--add-to-list-button product-button-group--inactive" data-cruller="conditional-content-inactive"><button class="quantity-selector quantity-selector--update quantity-selector--horizontal quantity-selector--product-tile quantity-selector--add-to-cart quantity-selector--add-to-list-button" data-track="productAddToCartLocalize" data-track-product-quantity="1" data-track-link-name="add-to-cart-open" data-track-products-array="[{&quot;productSKU&quot;:&quot;21108306_EA&quot;,&quot;productName&quot;:&quot;Fruit Sauce Organic Apple Apple&quot;,&quot;productBrand&quot;:&quot;GoGo squeez&quot;,&quot;productCatalog&quot;:&quot;grocery&quot;,&quot;productVendor&quot;:null,&quot;productPrice&quot;:&quot;4.00&quot;,&quot;productQuantity&quot;:1,&quot;dealBadge&quot;:null,&quot;loyaltyBadge&quot;:&quot;false&quot;,&quot;textBadge&quot;:&quot;&quot;,&quot;productPosition&quot;:null,&quot;productOrderId&quot;:null,&quot;productVariant&quot;:null,&quot;subProduct&quot;:null}]" data-cruller="quantity-selector-add-to-cart"><span>Add</span></button></div></div></div></div></li><li class="product-tile-group__list__item" data-auid="product-tile"><div class="product-tracking" data-track-article-number="20130798" data-track-product-id="20130798_EA" data-track-products-array="[{&quot;productSKU&quot;:&quot;20130798_EA&quot;,&quot;productName&quot;:&quot;Apple Juice&quot;,&quot;productBrand&quot;:&quot;Allen's&quot;,&quot;productCatalog&quot;:&quot;grocery&quot;,&quot;productVendor&quot;:null,&quot;productPrice&quot;:&quot;1.58&quot;,&quot;productQuantity&quot;:null,&quot;dealBadge&quot;:null,&quot;loyaltyBadge&quot;:&quot;false&quot;,&quot;textBadge&quot;:&quot;&quot;,&quot;productPosition&quot;:28,&quot;productOrderId&quot;:null,&quot;productVariant&quot;:null,&quot;subProduct&quot;:null}]" data-track-algorithm-selected-position-array="{&quot;selectedPosition&quot;:&quot;to:28|or:28|sp:null&quot;}" data-track-loyalty-badge="false"><div class="product-tile product-tile--marketplace" data-track-product-index="28" data-auid="product-tile"><div class="product-tile__eyebrow" data-cruller="product-tile-eyebrow"><div class="product-badge__text product-badge__text--product-tile"></div></div><div class="product-tile__thumbnail"><div class="product-tile__thumbnail__image"><div class="lazyload-placeholder" style="height: 140px;"></div><div class="product-in-cart-flag"></div><button class="quickview-button" data-track="productQuickviewButton" data-cruller="productQuickviewButton"><span>Quick View</span><span class="sr-only sr-only-focusable">Apple Juice</span></button></div></div><div class="product-tile__details"><div class="product-tile__details__info"><h3 class="product-tile__details__info__name"><a class="product-tile__details__info__name__link" data-cruller="product-tile-title-link" href="/apple-juice/p/20130798_EA"><span class="product-name product-name--product-tile"><span class="product-name__item product-name__item--brand">Allen's</span><span class="product-name__item product-name__item--name" title="Apple Juice">Apple Juice</span><span class="product-name__item product-name__item--package-size">1.05 l</span></span></a></h3><div class="product-tile__details__info__section"><div class="product-tile-deal-badge"></div><div class="product-tile__details__info__text-badge"></div><div class="product-prices product-prices--product-tile"><div class="selling-price-list selling-price-list--product-tile"><div class="selling-price-list__item"><span class="price selling-price-list__item__price selling-price-list__item__price--now-price"><span class="price__value selling-price-list__item__price selling-price-list__item__price--now-price__value">$1.58</span><span class="price__unit selling-price-list__item__price selling-price-list__item__price--now-price__unit">ea</span></span></div></div><ul class="comparison-price-list comparison-price-list--product-tile"><li class="comparison-price-list__item"><span class="price comparison-price-list__item__price"><span class="price__value comparison-price-list__item__price__value">$0.15</span><span class="price__unit comparison-price-list__item__price__unit">/ 100ml</span></span></li></ul></div></div></div><div class="product-button-group product-button-group--product-tile product-button-group--add-to-list-button product-button-group--inactive" data-cruller="conditional-content-inactive"><button class="quantity-selector quantity-selector--update quantity-selector--horizontal quantity-selector--product-tile quantity-selector--add-to-cart quantity-selector--add-to-list-button" data-track="productAddToCartLocalize" data-track-product-quantity="1" data-track-link-name="add-to-cart-open" data-track-products-array="[{&quot;productSKU&quot;:&quot;20130798_EA&quot;,&quot;productName&quot;:&quot;Apple Juice&quot;,&quot;productBrand&quot;:&quot;Allen's&quot;,&quot;productCatalog&quot;:&quot;grocery&quot;,&quot;productVendor&quot;:null,&quot;productPrice&quot;:&quot;1.58&quot;,&quot;productQuantity&quot;:1,&quot;dealBadge&quot;:null,&quot;loyaltyBadge&quot;:&quot;false&quot;,&quot;textBadge&quot;:&quot;&quot;,&quot;productPosition&quot;:null,&quot;productOrderId&quot;:null,&quot;productVariant&quot;:null,&quot;subProduct&quot;:null}]" data-cruller="quantity-selector-add-to-cart"><span>Add</span></button></div></div></div></div></li><li class="product-tile-group__list__item" data-auid="product-tile"><div class="product-tracking" data-track-article-number="21314948" data-track-product-id="21314948_EA" data-track-products-array="[{&quot;productSKU&quot;:&quot;21314948_EA&quot;,&quot;productName&quot;:&quot;Apple Cider&quot;,&quot;productBrand&quot;:&quot;Viveau&quot;,&quot;productCatalog&quot;:&quot;grocery&quot;,&quot;productVendor&quot;:null,&quot;productPrice&quot;:&quot;2.98&quot;,&quot;productQuantity&quot;:null,&quot;dealBadge&quot;:&quot;multi&quot;,&quot;loyaltyBadge&quot;:&quot;false&quot;,&quot;textBadge&quot;:&quot;&quot;,&quot;productPosition&quot;:29,&quot;productOrderId&quot;:null,&quot;productVariant&quot;:null,&quot;subProduct&quot;:null}]" data-track-algorithm-selected-position-array="{&quot;selectedPosition&quot;:&quot;to:29|or:29|sp:null&quot;}" data-track-loyalty-badge="false"><div class="product-tile product-tile--marketplace" data-track-product-index="29" data-auid="product-tile"><div class="product-tile__eyebrow" data-cruller="product-tile-eyebrow"><div class="product-badge__text product-badge__text--product-tile"></div></div><div class="product-tile__thumbnail"><div class="product-tile__thumbnail__image"><div class="lazyload-placeholder" style="height: 140px;"></div><div class="product-in-cart-flag"></div><button class="quickview-button" data-track="productQuickviewButton" data-cruller="productQuickviewButton"><span>Quick View</span><span class="sr-only sr-only-focusable">Apple Cider</span></button></div></div><div class="product-tile__details"><div class="product-tile__details__info"><h3 class="product-tile__details__info__name"><a class="product-tile__details__info__name__link" data-cruller="product-tile-title-link" href="/apple-cider/p/21314948_EA"><span class="product-name product-name--product-tile"><span class="product-name__item product-name__item--brand">Viveau</span><span class="product-name__item product-name__item--name" title="Apple Cider">Apple Cider</span><span class="product-name__item product-name__item--package-size">235 ml</span></span></a></h3><div class="product-tile__details__info__section"><div class="product-tile-deal-badge"><div class="product-badge__icon product-badge__icon--multi product-badge__icon--product-tile"><div class="product-badge__icon__text product-badge__icon__text--multi">multi</div></div></div><div class="product-tile__details__info__text-badge"><div class="product-badge__text product-badge__text--product-tile">$2.50 MIN 2</div></div><div class="product-prices product-prices--product-tile"><div class="selling-price-list selling-price-list--product-tile"><div class="selling-price-list__item"><span class="price selling-price-list__item__price selling-price-list__item__price--now-price"><span class="price__value selling-price-list__item__price selling-price-list__item__price--now-price__value">$2.98</span><span class="price__unit selling-price-list__item__price selling-price-list__item__price--now-price__unit">ea</span></span></div></div><ul class="comparison-price-list comparison-price-list--product-tile"><li class="comparison-price-list__item"><span class="price comparison-price-list__item__price"><span class="price__value comparison-price-list__item__price__value">$1.27</span><span class="price__unit comparison-price-list__item__price__unit">/ 100ml</span></span></li></ul></div></div></div><div class="product-button-group product-button-group--product-tile product-button-group--add-to-list-button product-button-group--inactive" data-cruller="conditional-content-inactive"><button class="quantity-selector quantity-selector--update quantity-selector--horizontal quantity-selector--product-tile quantity-selector--add-to-cart quantity-selector--add-to-list-button" data-track="productAddToCartLocalize" data-track-product-quantity="1" data-track-link-name="add-to-cart-open" data-track-products-array="[{&quot;productSKU&quot;:&quot;21314948_EA&quot;,&quot;productName&quot;:&quot;Apple Cider&quot;,&quot;productBrand&quot;:&quot;Viveau&quot;,&quot;productCatalog&quot;:&quot;grocery&quot;,&quot;productVendor&quot;:null,&quot;productPrice&quot;:&quot;2.98&quot;,&quot;productQuantity&quot;:1,&quot;dealBadge&quot;:&quot;multi&quot;,&quot;loyaltyBadge&quot;:&quot;false&quot;,&quot;textBadge&quot;:&quot;&quot;,&quot;productPosition&quot;:null,&quot;productOrderId&quot;:null,&quot;productVariant&quot;:null,&quot;subProduct&quot;:null}]" data-cruller="quantity-selector-add-to-cart"><span>Add</span></button></div></div></div></div></li><li class="product-tile-group__list__item" data-auid="product-tile"><div class="product-tracking" data-track-article-number="20320439006" data-track-product-id="20320439006_EA" data-track-products-array="[{&quot;productSKU&quot;:&quot;20320439006_EA&quot;,&quot;productName&quot;:&quot;Apple drink&quot;,&quot;productBrand&quot;:&quot;No Name&quot;,&quot;productCatalog&quot;:&quot;grocery&quot;,&quot;productVendor&quot;:null,&quot;productPrice&quot;:&quot;1.48&quot;,&quot;productQuantity&quot;:null,&quot;dealBadge&quot;:null,&quot;loyaltyBadge&quot;:&quot;false&quot;,&quot;textBadge&quot;:&quot;&quot;,&quot;productPosition&quot;:30,&quot;productOrderId&quot;:null,&quot;productVariant&quot;:null,&quot;subProduct&quot;:null}]" data-track-algorithm-selected-position-array="{&quot;selectedPosition&quot;:&quot;to:30|or:30|sp:null&quot;}" data-track-loyalty-badge="false"><div class="product-tile product-tile--marketplace" data-track-product-index="30" data-auid="product-tile"><div class="product-tile__eyebrow" data-cruller="product-tile-eyebrow"><div class="product-badge__text product-badge__text--product-tile"></div></div><div class="product-tile__thumbnail"><div class="product-tile__thumbnail__image"><div class="lazyload-placeholder" style="height: 140px;"></div><div class="product-in-cart-flag"></div><button class="quickview-button" data-track="productQuickviewButton" data-cruller="productQuickviewButton"><span>Quick View</span><span class="sr-only sr-only-focusable">Apple drink</span></button></div></div><div class="product-tile__details"><div class="product-tile__details__info"><h3 class="product-tile__details__info__name"><a class="product-tile__details__info__name__link" data-cruller="product-tile-title-link" href="/apple-drink/p/20320439006_EA"><span class="product-name product-name--product-tile"><span class="product-name__item product-name__item--brand">No Name</span><span class="product-name__item product-name__item--name" title="Apple drink">Apple drink</span><span class="product-name__item product-name__item--package-size">2 l</span></span></a></h3><div class="product-tile__details__info__section"><div class="product-tile-deal-badge"></div><div class="product-tile__details__info__text-badge"></div><div class="product-prices product-prices--product-tile"><div class="selling-price-list selling-price-list--product-tile"><div class="selling-price-list__item"><span class="price selling-price-list__item__price selling-price-list__item__price--now-price"><span class="price__value selling-price-list__item__price selling-price-list__item__price--now-price__value">$1.48</span><span class="price__unit selling-price-list__item__price selling-price-list__item__price--now-price__unit">ea</span></span></div></div><ul class="comparison-price-list comparison-price-list--product-tile"><li class="comparison-price-list__item"><span class="price comparison-price-list__item__price"><span class="price__value comparison-price-list__item__price__value">$0.07</span><span class="price__unit comparison-price-list__item__price__unit">/ 100ml</span></span></li></ul></div></div></div><div class="product-button-group product-button-group--product-tile product-button-group--add-to-list-button product-button-group--inactive" data-cruller="conditional-content-inactive"><button class="quantity-selector quantity-selector--update quantity-selector--horizontal quantity-selector--product-tile quantity-selector--add-to-cart quantity-selector--add-to-list-button" data-track="productAddToCartLocalize" data-track-product-quantity="1" data-track-link-name="add-to-cart-open" data-track-products-array="[{&quot;productSKU&quot;:&quot;20320439006_EA&quot;,&quot;productName&quot;:&quot;Apple drink&quot;,&quot;productBrand&quot;:&quot;No Name&quot;,&quot;productCatalog&quot;:&quot;grocery&quot;,&quot;productVendor&quot;:null,&quot;productPrice&quot;:&quot;1.48&quot;,&quot;productQuantity&quot;:1,&quot;dealBadge&quot;:null,&quot;loyaltyBadge&quot;:&quot;false&quot;,&quot;textBadge&quot;:&quot;&quot;,&quot;productPosition&quot;:null,&quot;productOrderId&quot;:null,&quot;productVariant&quot;:null,&quot;subProduct&quot;:null}]" data-cruller="quantity-selector-add-to-cart"><span>Add</span></button></div></div></div></div></li><li class="product-tile-group__list__item" data-auid="product-tile"><div class="product-tracking" data-track-article-number="21386879" data-track-product-id="21386879_EA" data-track-products-array="[{&quot;productSKU&quot;:&quot;21386879_EA&quot;,&quot;productName&quot;:&quot;Simply Apple&quot;,&quot;productBrand&quot;:&quot;Baby Gourmet&quot;,&quot;productCatalog&quot;:&quot;grocery&quot;,&quot;productVendor&quot;:null,&quot;productPrice&quot;:&quot;1.40&quot;,&quot;productQuantity&quot;:null,&quot;dealBadge&quot;:null,&quot;loyaltyBadge&quot;:&quot;false&quot;,&quot;textBadge&quot;:&quot;new&quot;,&quot;productPosition&quot;:31,&quot;productOrderId&quot;:null,&quot;productVariant&quot;:null,&quot;subProduct&quot;:null}]" data-track-algorithm-selected-position-array="{&quot;selectedPosition&quot;:&quot;to:31|or:31|sp:null&quot;}" data-track-loyalty-badge="false"><div class="product-tile product-tile--marketplace" data-track-product-index="31" data-auid="product-tile"><div class="product-tile__eyebrow" data-cruller="product-tile-eyebrow"><div class="product-badge__text product-badge__text--product-tile"><span>New</span></div></div><div class="product-tile__thumbnail"><div class="product-tile__thumbnail__image"><div class="lazyload-placeholder" style="height: 140px;"></div><div class="product-in-cart-flag"></div><button class="quickview-button" data-track="productQuickviewButton" data-cruller="productQuickviewButton"><span>Quick View</span><span class="sr-only sr-only-focusable">Simply Apple</span></button></div></div><div class="product-tile__details"><div class="product-tile__details__info"><h3 class="product-tile__details__info__name"><a class="product-tile__details__info__name__link" data-cruller="product-tile-title-link" href="/simply-apple/p/21386879_EA"><span class="product-name product-name--product-tile"><span class="product-name__item product-name__item--brand">Baby Gourmet</span><span class="product-name__item product-name__item--name" title="Simply Apple">Simply Apple</span><span class="product-name__item product-name__item--package-size">128 ml</span></span></a></h3><div class="product-tile__details__info__section"><div class="product-tile-deal-badge"></div><div class="product-tile__details__info__text-badge"></div><div class="product-prices product-prices--product-tile"><div class="selling-price-list selling-price-list--product-tile"><div class="selling-price-list__item"><span class="price selling-price-list__item__price selling-price-list__item__price--now-price"><span class="price__value selling-price-list__item__price selling-price-list__item__price--now-price__value">$1.40</span><span class="price__unit selling-price-list__item__price selling-price-list__item__price--now-price__unit">ea</span></span></div></div><ul class="comparison-price-list comparison-price-list--product-tile"><li class="comparison-price-list__item"><span class="price comparison-price-list__item__price"><span class="price__value comparison-price-list__item__price__value">$1.09</span><span class="price__unit comparison-price-list__item__price__unit">/ 100ml</span></span></li></ul></div></div></div><div class="product-button-group product-button-group--product-tile product-button-group--add-to-list-button product-button-group--inactive" data-cruller="conditional-content-inactive"><button class="quantity-selector quantity-selector--update quantity-selector--horizontal quantity-selector--product-tile quantity-selector--add-to-cart quantity-selector--add-to-list-button" data-track="productAddToCartLocalize" data-track-product-quantity="1" data-track-link-name="add-to-cart-open" data-track-products-array="[{&quot;productSKU&quot;:&quot;21386879_EA&quot;,&quot;productName&quot;:&quot;Simply Apple&quot;,&quot;productBrand&quot;:&quot;Baby Gourmet&quot;,&quot;productCatalog&quot;:&quot;grocery&quot;,&quot;productVendor&quot;:null,&quot;productPrice&quot;:&quot;1.40&quot;,&quot;productQuantity&quot;:1,&quot;dealBadge&quot;:null,&quot;loyaltyBadge&quot;:&quot;false&quot;,&quot;textBadge&quot;:&quot;new&quot;,&quot;productPosition&quot;:null,&quot;productOrderId&quot;:null,&quot;productVariant&quot;:null,&quot;subProduct&quot;:null}]" data-cruller="quantity-selector-add-to-cart"><span>Add</span></button></div></div></div></div></li><li class="product-tile-group__list__item" data-auid="product-tile"><div class="product-tracking" data-track-article-number="21061305" data-track-product-id="21061305_EA" data-track-products-array="[{&quot;productSKU&quot;:&quot;21061305_EA&quot;,&quot;productName&quot;:&quot;Powder Apple&quot;,&quot;productBrand&quot;:&quot;Pedialyte&quot;,&quot;productCatalog&quot;:&quot;grocery&quot;,&quot;productVendor&quot;:null,&quot;productPrice&quot;:&quot;13.68&quot;,&quot;productQuantity&quot;:null,&quot;dealBadge&quot;:null,&quot;loyaltyBadge&quot;:&quot;false&quot;,&quot;textBadge&quot;:&quot;&quot;,&quot;productPosition&quot;:32,&quot;productOrderId&quot;:null,&quot;productVariant&quot;:null,&quot;subProduct&quot;:null}]" data-track-algorithm-selected-position-array="{&quot;selectedPosition&quot;:&quot;to:32|or:32|sp:null&quot;}" data-track-loyalty-badge="false"><div class="product-tile product-tile--marketplace" data-track-product-index="32" data-auid="product-tile"><div class="product-tile__eyebrow" data-cruller="product-tile-eyebrow"><div class="product-badge__text product-badge__text--product-tile"></div></div><div class="product-tile__thumbnail"><div class="product-tile__thumbnail__image"><div class="lazyload-placeholder" style="height: 140px;"></div><div class="product-in-cart-flag"></div><button class="quickview-button" data-track="productQuickviewButton" data-cruller="productQuickviewButton"><span>Quick View</span><span class="sr-only sr-only-focusable">Powder Apple</span></button></div></div><div class="product-tile__details"><div class="product-tile__details__info"><h3 class="product-tile__details__info__name"><a class="product-tile__details__info__name__link" data-cruller="product-tile-title-link" href="/powder-apple/p/21061305_EA"><span class="product-name product-name--product-tile"><span class="product-name__item product-name__item--brand">Pedialyte</span><span class="product-name__item product-name__item--name" title="Powder Apple">Powder Apple</span><span class="product-name__item product-name__item--package-size">1 ea</span></span></a></h3><div class="product-tile__details__info__section"><div class="product-tile-deal-badge"></div><div class="product-tile__details__info__text-badge"></div><div class="product-prices product-prices--product-tile"><div class="selling-price-list selling-price-list--product-tile"><div class="selling-price-list__item"><span class="price selling-price-list__item__price selling-price-list__item__price--now-price"><span class="price__value selling-price-list__item__price selling-price-list__item__price--now-price__value">$13.68</span><span class="price__unit selling-price-list__item__price selling-price-list__item__price--now-price__unit">ea</span></span></div></div><ul class="comparison-price-list comparison-price-list--product-tile"><li class="comparison-price-list__item"><span class="price comparison-price-list__item__price"><span class="price__value comparison-price-list__item__price__value">$13.68</span><span class="price__unit comparison-price-list__item__price__unit">/ 1ea</span></span></li></ul></div></div></div><div class="product-button-group product-button-group--product-tile product-button-group--add-to-list-button product-button-group--inactive" data-cruller="conditional-content-inactive"><button class="quantity-selector quantity-selector--update quantity-selector--horizontal quantity-selector--product-tile quantity-selector--add-to-cart quantity-selector--add-to-list-button" data-track="productAddToCartLocalize" data-track-product-quantity="1" data-track-link-name="add-to-cart-open" data-track-products-array="[{&quot;productSKU&quot;:&quot;21061305_EA&quot;,&quot;productName&quot;:&quot;Powder Apple&quot;,&quot;productBrand&quot;:&quot;Pedialyte&quot;,&quot;productCatalog&quot;:&quot;grocery&quot;,&quot;productVendor&quot;:null,&quot;productPrice&quot;:&quot;13.68&quot;,&quot;productQuantity&quot;:1,&quot;dealBadge&quot;:null,&quot;loyaltyBadge&quot;:&quot;false&quot;,&quot;textBadge&quot;:&quot;&quot;,&quot;productPosition&quot;:null,&quot;productOrderId&quot;:null,&quot;productVariant&quot;:null,&quot;subProduct&quot;:null}]" data-cruller="quantity-selector-add-to-cart"><span>Add</span></button></div></div></div></div></li><li class="product-tile-group__list__item" data-auid="product-tile"><div class="product-tracking" data-track-article-number="20190053" data-track-product-id="20190053_EA" data-track-products-array="[{&quot;productSKU&quot;:&quot;20190053_EA&quot;,&quot;productName&quot;:&quot;Apple Juice&quot;,&quot;productBrand&quot;:&quot;Tropicana&quot;,&quot;productCatalog&quot;:&quot;grocery&quot;,&quot;productVendor&quot;:null,&quot;productPrice&quot;:&quot;2.77&quot;,&quot;productQuantity&quot;:null,&quot;dealBadge&quot;:&quot;sale&quot;,&quot;loyaltyBadge&quot;:&quot;false&quot;,&quot;textBadge&quot;:&quot;&quot;,&quot;productPosition&quot;:33,&quot;productOrderId&quot;:null,&quot;productVariant&quot;:null,&quot;subProduct&quot;:null}]" data-track-algorithm-selected-position-array="{&quot;selectedPosition&quot;:&quot;to:33|or:33|sp:null&quot;}" data-track-loyalty-badge="false"><div class="product-tile product-tile--marketplace" data-track-product-index="33" data-auid="product-tile"><div class="product-tile__eyebrow" data-cruller="product-tile-eyebrow"><div class="product-badge__text product-badge__text--product-tile"></div></div><div class="product-tile__thumbnail"><div class="product-tile__thumbnail__image"><div class="lazyload-placeholder" style="height: 140px;"></div><div class="product-in-cart-flag"></div><button class="quickview-button" data-track="productQuickviewButton" data-cruller="productQuickviewButton"><span>Quick View</span><span class="sr-only sr-only-focusable">Apple Juice</span></button></div></div><div class="product-tile__details"><div class="product-tile__details__info"><h3 class="product-tile__details__info__name"><a class="product-tile__details__info__name__link" data-cruller="product-tile-title-link" href="/apple-juice/p/20190053_EA"><span class="product-name product-name--product-tile"><span class="product-name__item product-name__item--brand">Tropicana</span><span class="product-name__item product-name__item--name" title="Apple Juice">Apple Juice</span><span class="product-name__item product-name__item--package-size">1.75 l</span></span></a></h3><div class="product-tile__details__info__section"><div class="product-tile-deal-badge"><div class="product-badge__icon product-badge__icon--sale product-badge__icon--product-tile"><div class="product-badge__icon__text product-badge__icon__text--sale">sale</div><div class="product-badge__icon__expiry product-badge__icon__expiry--sale"><span>Ends 06/23</span></div></div></div><div class="product-tile__details__info__text-badge"><div class="product-badge__text product-badge__text--product-tile">SAVE $1.01</div></div><div class="product-prices product-prices--product-tile"><div class="selling-price-list selling-price-list--sale selling-price-list--product-tile" role="group" aria-label="$2.77 each, it was $3.78"><div class="selling-price-list__item"><span class="price selling-price-list__item__price selling-price-list__item__price--now-price"><span class="price__value selling-price-list__item__price selling-price-list__item__price--now-price__value">$2.77</span><span class="price__unit selling-price-list__item__price selling-price-list__item__price--now-price__unit">ea</span></span></div><div class="selling-price-list__item"><span class="price selling-price-list__item__price selling-price-list__item__price--was-price"><del class="price__value selling-price-list__item__price selling-price-list__item__price--was-price__value">$3.78</del></span></div></div><ul class="comparison-price-list comparison-price-list--product-tile"><li class="comparison-price-list__item"><span class="price comparison-price-list__item__price"><span class="price__value comparison-price-list__item__price__value">$0.16</span><span class="price__unit comparison-price-list__item__price__unit">/ 100ml</span></span></li></ul></div></div></div><div class="product-button-group product-button-group--product-tile product-button-group--add-to-list-button product-button-group--inactive" data-cruller="conditional-content-inactive"><button class="quantity-selector quantity-selector--update quantity-selector--horizontal quantity-selector--product-tile quantity-selector--add-to-cart quantity-selector--add-to-list-button" data-track="productAddToCartLocalize" data-track-product-quantity="1" data-track-link-name="add-to-cart-open" data-track-products-array="[{&quot;productSKU&quot;:&quot;20190053_EA&quot;,&quot;productName&quot;:&quot;Apple Juice&quot;,&quot;productBrand&quot;:&quot;Tropicana&quot;,&quot;productCatalog&quot;:&quot;grocery&quot;,&quot;productVendor&quot;:null,&quot;productPrice&quot;:&quot;2.77&quot;,&quot;productQuantity&quot;:1,&quot;dealBadge&quot;:&quot;sale&quot;,&quot;loyaltyBadge&quot;:&quot;false&quot;,&quot;textBadge&quot;:&quot;&quot;,&quot;productPosition&quot;:null,&quot;productOrderId&quot;:null,&quot;productVariant&quot;:null,&quot;subProduct&quot;:null}]" data-cruller="quantity-selector-add-to-cart"><span>Add</span></button></div></div></div></div></li><li class="product-tile-group__list__item" data-auid="product-tile"><div class="product-tracking" data-track-article-number="20038043" data-track-product-id="20038043_EA" data-track-products-array="[{&quot;productSKU&quot;:&quot;20038043_EA&quot;,&quot;productName&quot;:&quot;Apple Juice&quot;,&quot;productBrand&quot;:&quot;No Name&quot;,&quot;productCatalog&quot;:&quot;grocery&quot;,&quot;productVendor&quot;:null,&quot;productPrice&quot;:&quot;2.18&quot;,&quot;productQuantity&quot;:null,&quot;dealBadge&quot;:null,&quot;loyaltyBadge&quot;:&quot;false&quot;,&quot;textBadge&quot;:&quot;&quot;,&quot;productPosition&quot;:34,&quot;productOrderId&quot;:null,&quot;productVariant&quot;:null,&quot;subProduct&quot;:null}]" data-track-algorithm-selected-position-array="{&quot;selectedPosition&quot;:&quot;to:34|or:34|sp:null&quot;}" data-track-loyalty-badge="false"><div class="product-tile product-tile--marketplace" data-track-product-index="34" data-auid="product-tile"><div class="product-tile__eyebrow" data-cruller="product-tile-eyebrow"><div class="product-badge__text product-badge__text--product-tile"></div></div><div class="product-tile__thumbnail"><div class="product-tile__thumbnail__image"><div class="lazyload-placeholder" style="height: 140px;"></div><div class="product-in-cart-flag"></div><button class="quickview-button" data-track="productQuickviewButton" data-cruller="productQuickviewButton"><span>Quick View</span><span class="sr-only sr-only-focusable">Apple Juice</span></button></div></div><div class="product-tile__details"><div class="product-tile__details__info"><h3 class="product-tile__details__info__name"><a class="product-tile__details__info__name__link" data-cruller="product-tile-title-link" href="/apple-juice/p/20038043_EA"><span class="product-name product-name--product-tile"><span class="product-name__item product-name__item--brand">No Name</span><span class="product-name__item product-name__item--name" title="Apple Juice">Apple Juice</span><span class="product-name__item product-name__item--package-size">10x200.0 ml</span></span></a></h3><div class="product-tile__details__info__section"><div class="product-tile-deal-badge"></div><div class="product-tile__details__info__text-badge"></div><div class="product-prices product-prices--product-tile"><div class="selling-price-list selling-price-list--product-tile"><div class="selling-price-list__item"><span class="price selling-price-list__item__price selling-price-list__item__price--now-price"><span class="price__value selling-price-list__item__price selling-price-list__item__price--now-price__value">$2.18</span><span class="price__unit selling-price-list__item__price selling-price-list__item__price--now-price__unit">ea</span></span></div></div><ul class="comparison-price-list comparison-price-list--product-tile"><li class="comparison-price-list__item"><span class="price comparison-price-list__item__price"><span class="price__value comparison-price-list__item__price__value">$0.11</span><span class="price__unit comparison-price-list__item__price__unit">/ 100ml</span></span></li></ul></div></div></div><div class="product-button-group product-button-group--product-tile product-button-group--add-to-list-button product-button-group--inactive" data-cruller="conditional-content-inactive"><button class="quantity-selector quantity-selector--update quantity-selector--horizontal quantity-selector--product-tile quantity-selector--add-to-cart quantity-selector--add-to-list-button" data-track="productAddToCartLocalize" data-track-product-quantity="1" data-track-link-name="add-to-cart-open" data-track-products-array="[{&quot;productSKU&quot;:&quot;20038043_EA&quot;,&quot;productName&quot;:&quot;Apple Juice&quot;,&quot;productBrand&quot;:&quot;No Name&quot;,&quot;productCatalog&quot;:&quot;grocery&quot;,&quot;productVendor&quot;:null,&quot;productPrice&quot;:&quot;2.18&quot;,&quot;productQuantity&quot;:1,&quot;dealBadge&quot;:null,&quot;loyaltyBadge&quot;:&quot;false&quot;,&quot;textBadge&quot;:&quot;&quot;,&quot;productPosition&quot;:null,&quot;productOrderId&quot;:null,&quot;productVariant&quot;:null,&quot;subProduct&quot;:null}]" data-cruller="quantity-selector-add-to-cart"><span>Add</span></button></div></div></div></div></li><li class="product-tile-group__list__item" data-auid="product-tile"><div class="product-tracking" data-track-article-number="20982972" data-track-product-id="20982972_EA" data-track-products-array="[{&quot;productSKU&quot;:&quot;20982972_EA&quot;,&quot;productName&quot;:&quot;Apple Sausage&quot;,&quot;productBrand&quot;:&quot;Fruit Bliss&quot;,&quot;productCatalog&quot;:&quot;grocery&quot;,&quot;productVendor&quot;:null,&quot;productPrice&quot;:&quot;6.98&quot;,&quot;productQuantity&quot;:null,&quot;dealBadge&quot;:&quot;sale&quot;,&quot;loyaltyBadge&quot;:&quot;false&quot;,&quot;textBadge&quot;:&quot;&quot;,&quot;productPosition&quot;:35,&quot;productOrderId&quot;:null,&quot;productVariant&quot;:null,&quot;subProduct&quot;:null}]" data-track-algorithm-selected-position-array="{&quot;selectedPosition&quot;:&quot;to:35|or:35|sp:null&quot;}" data-track-loyalty-badge="false"><div class="product-tile product-tile--marketplace" data-track-product-index="35" data-auid="product-tile"><div class="product-tile__eyebrow" data-cruller="product-tile-eyebrow"><div class="product-badge__text product-badge__text--product-tile"></div></div><div class="product-tile__thumbnail"><div class="product-tile__thumbnail__image"><div class="lazyload-placeholder" style="height: 140px;"></div><div class="product-in-cart-flag"></div><button class="quickview-button" data-track="productQuickviewButton" data-cruller="productQuickviewButton"><span>Quick View</span><span class="sr-only sr-only-focusable">Apple Sausage</span></button></div></div><div class="product-tile__details"><div class="product-tile__details__info"><h3 class="product-tile__details__info__name"><a class="product-tile__details__info__name__link" data-cruller="product-tile-title-link" href="/apple-sausage/p/20982972_EA"><span class="product-name product-name--product-tile"><span class="product-name__item product-name__item--brand">Fruit Bliss</span><span class="product-name__item product-name__item--name" title="Apple Sausage">Apple Sausage</span><span class="product-name__item product-name__item--package-size">368 g</span></span></a></h3><div class="product-tile__details__info__section"><div class="product-tile-deal-badge"><div class="product-badge__icon product-badge__icon--sale product-badge__icon--product-tile"><div class="product-badge__icon__text product-badge__icon__text--sale">sale</div><div class="product-badge__icon__expiry product-badge__icon__expiry--sale"><span>Ends 06/30</span></div></div></div><div class="product-tile__details__info__text-badge"><div class="product-badge__text product-badge__text--product-tile">SAVE $1.00</div></div><div class="product-prices product-prices--product-tile"><div class="selling-price-list selling-price-list--sale selling-price-list--product-tile" role="group" aria-label="$6.98 each, it was $7.98"><div class="selling-price-list__item"><span class="price selling-price-list__item__price selling-price-list__item__price--now-price"><span class="price__value selling-price-list__item__price selling-price-list__item__price--now-price__value">$6.98</span><span class="price__unit selling-price-list__item__price selling-price-list__item__price--now-price__unit">ea</span></span></div><div class="selling-price-list__item"><span class="price selling-price-list__item__price selling-price-list__item__price--was-price"><del class="price__value selling-price-list__item__price selling-price-list__item__price--was-price__value">$7.98</del></span></div></div><ul class="comparison-price-list comparison-price-list--product-tile"><li class="comparison-price-list__item"><span class="price comparison-price-list__item__price"><span class="price__value comparison-price-list__item__price__value">$1.90</span><span class="price__unit comparison-price-list__item__price__unit">/ 100g</span></span></li></ul></div></div></div><div class="product-button-group product-button-group--product-tile product-button-group--add-to-list-button product-button-group--inactive" data-cruller="conditional-content-inactive"><button class="quantity-selector quantity-selector--update quantity-selector--horizontal quantity-selector--product-tile quantity-selector--add-to-cart quantity-selector--add-to-list-button" data-track="productAddToCartLocalize" data-track-product-quantity="1" data-track-link-name="add-to-cart-open" data-track-products-array="[{&quot;productSKU&quot;:&quot;20982972_EA&quot;,&quot;productName&quot;:&quot;Apple Sausage&quot;,&quot;productBrand&quot;:&quot;Fruit Bliss&quot;,&quot;productCatalog&quot;:&quot;grocery&quot;,&quot;productVendor&quot;:null,&quot;productPrice&quot;:&quot;6.98&quot;,&quot;productQuantity&quot;:1,&quot;dealBadge&quot;:&quot;sale&quot;,&quot;loyaltyBadge&quot;:&quot;false&quot;,&quot;textBadge&quot;:&quot;&quot;,&quot;productPosition&quot;:null,&quot;productOrderId&quot;:null,&quot;productVariant&quot;:null,&quot;subProduct&quot;:null}]" data-cruller="quantity-selector-add-to-cart"><span>Add</span></button></div></div></div></div></li><li class="product-tile-group__list__item" data-auid="product-tile"><div class="product-tracking" data-track-article-number="20121195001" data-track-product-id="20121195001_EA" data-track-products-array="[{&quot;productSKU&quot;:&quot;20121195001_EA&quot;,&quot;productName&quot;:&quot;Turnover Apple     &quot;,&quot;productBrand&quot;:&quot;Pillsbury&quot;,&quot;productCatalog&quot;:&quot;grocery&quot;,&quot;productVendor&quot;:null,&quot;productPrice&quot;:&quot;2.98&quot;,&quot;productQuantity&quot;:null,&quot;dealBadge&quot;:&quot;multi&quot;,&quot;loyaltyBadge&quot;:&quot;false&quot;,&quot;textBadge&quot;:&quot;&quot;,&quot;productPosition&quot;:36,&quot;productOrderId&quot;:null,&quot;productVariant&quot;:null,&quot;subProduct&quot;:null}]" data-track-algorithm-selected-position-array="{&quot;selectedPosition&quot;:&quot;to:36|or:36|sp:null&quot;}" data-track-loyalty-badge="false"><div class="product-tile product-tile--marketplace" data-track-product-index="36" data-auid="product-tile"><div class="product-tile__eyebrow" data-cruller="product-tile-eyebrow"><div class="product-badge__text product-badge__text--product-tile"></div></div><div class="product-tile__thumbnail"><div class="product-tile__thumbnail__image"><div class="lazyload-placeholder" style="height: 140px;"></div><div class="product-in-cart-flag"></div><button class="quickview-button" data-track="productQuickviewButton" data-cruller="productQuickviewButton"><span>Quick View</span><span class="sr-only sr-only-focusable">Turnover Apple     </span></button></div></div><div class="product-tile__details"><div class="product-tile__details__info"><h3 class="product-tile__details__info__name"><a class="product-tile__details__info__name__link" data-cruller="product-tile-title-link" href="/turnover-apple/p/20121195001_EA"><span class="product-name product-name--product-tile"><span class="product-name__item product-name__item--brand">Pillsbury</span><span class="product-name__item product-name__item--name" title="Turnover Apple     ">Turnover Apple     </span><span class="product-name__item product-name__item--package-size">383 g</span></span></a></h3><div class="product-tile__details__info__section"><div class="product-tile-deal-badge"><div class="product-badge__icon product-badge__icon--multi product-badge__icon--product-tile"><div class="product-badge__icon__text product-badge__icon__text--multi">multi</div></div></div><div class="product-tile__details__info__text-badge"><div class="product-badge__text product-badge__text--product-tile">$2.48 MIN 2</div></div><div class="product-prices product-prices--product-tile"><div class="selling-price-list selling-price-list--product-tile"><div class="selling-price-list__item"><span class="price selling-price-list__item__price selling-price-list__item__price--now-price"><span class="price__value selling-price-list__item__price selling-price-list__item__price--now-price__value">$2.98</span><span class="price__unit selling-price-list__item__price selling-price-list__item__price--now-price__unit">ea</span></span></div></div><ul class="comparison-price-list comparison-price-list--product-tile"><li class="comparison-price-list__item"><span class="price comparison-price-list__item__price"><span class="price__value comparison-price-list__item__price__value">$0.78</span><span class="price__unit comparison-price-list__item__price__unit">/ 100g</span></span></li></ul></div></div></div><div class="product-button-group product-button-group--product-tile product-button-group--add-to-list-button product-button-group--inactive" data-cruller="conditional-content-inactive"><button class="quantity-selector quantity-selector--update quantity-selector--horizontal quantity-selector--product-tile quantity-selector--add-to-cart quantity-selector--add-to-list-button" data-track="productAddToCartLocalize" data-track-product-quantity="1" data-track-link-name="add-to-cart-open" data-track-products-array="[{&quot;productSKU&quot;:&quot;20121195001_EA&quot;,&quot;productName&quot;:&quot;Turnover Apple     &quot;,&quot;productBrand&quot;:&quot;Pillsbury&quot;,&quot;productCatalog&quot;:&quot;grocery&quot;,&quot;productVendor&quot;:null,&quot;productPrice&quot;:&quot;2.98&quot;,&quot;productQuantity&quot;:1,&quot;dealBadge&quot;:&quot;multi&quot;,&quot;loyaltyBadge&quot;:&quot;false&quot;,&quot;textBadge&quot;:&quot;&quot;,&quot;productPosition&quot;:null,&quot;productOrderId&quot;:null,&quot;productVariant&quot;:null,&quot;subProduct&quot;:null}]" data-cruller="quantity-selector-add-to-cart"><span>Add</span></button></div></div></div></div></li><li class="product-tile-group__list__item" data-auid="product-tile"><div class="product-tracking" data-track-article-number="20322764001" data-track-product-id="20322764001_EA" data-track-products-array="[{&quot;productSKU&quot;:&quot;20322764001_EA&quot;,&quot;productName&quot;:&quot;Apple Juice&quot;,&quot;productBrand&quot;:&quot;Allen's&quot;,&quot;productCatalog&quot;:&quot;grocery&quot;,&quot;productVendor&quot;:null,&quot;productPrice&quot;:&quot;2.98&quot;,&quot;productQuantity&quot;:null,&quot;dealBadge&quot;:null,&quot;loyaltyBadge&quot;:&quot;false&quot;,&quot;textBadge&quot;:&quot;&quot;,&quot;productPosition&quot;:37,&quot;productOrderId&quot;:null,&quot;productVariant&quot;:null,&quot;subProduct&quot;:null}]" data-track-algorithm-selected-position-array="{&quot;selectedPosition&quot;:&quot;to:37|or:37|sp:null&quot;}" data-track-loyalty-badge="false"><div class="product-tile product-tile--marketplace" data-track-product-index="37" data-auid="product-tile"><div class="product-tile__eyebrow" data-cruller="product-tile-eyebrow"><div class="product-badge__text product-badge__text--product-tile"></div></div><div class="product-tile__thumbnail"><div class="product-tile__thumbnail__image"><div class="lazyload-placeholder" style="height: 140px;"></div><div class="product-in-cart-flag"></div><button class="quickview-button" data-track="productQuickviewButton" data-cruller="productQuickviewButton"><span>Quick View</span><span class="sr-only sr-only-focusable">Apple Juice</span></button></div></div><div class="product-tile__details"><div class="product-tile__details__info"><h3 class="product-tile__details__info__name"><a class="product-tile__details__info__name__link" data-cruller="product-tile-title-link" href="/apple-juice/p/20322764001_EA"><span class="product-name product-name--product-tile"><span class="product-name__item product-name__item--brand">Allen's</span><span class="product-name__item product-name__item--name" title="Apple Juice">Apple Juice</span><span class="product-name__item product-name__item--package-size">1.89 l</span></span></a></h3><div class="product-tile__details__info__section"><div class="product-tile-deal-badge"></div><div class="product-tile__details__info__text-badge"></div><div class="product-prices product-prices--product-tile"><div class="selling-price-list selling-price-list--product-tile"><div class="selling-price-list__item"><span class="price selling-price-list__item__price selling-price-list__item__price--now-price"><span class="price__value selling-price-list__item__price selling-price-list__item__price--now-price__value">$2.98</span><span class="price__unit selling-price-list__item__price selling-price-list__item__price--now-price__unit">ea</span></span></div></div><ul class="comparison-price-list comparison-price-list--product-tile"><li class="comparison-price-list__item"><span class="price comparison-price-list__item__price"><span class="price__value comparison-price-list__item__price__value">$0.16</span><span class="price__unit comparison-price-list__item__price__unit">/ 100ml</span></span></li></ul></div></div></div><div class="product-button-group product-button-group--product-tile product-button-group--add-to-list-button product-button-group--inactive" data-cruller="conditional-content-inactive"><button class="quantity-selector quantity-selector--update quantity-selector--horizontal quantity-selector--product-tile quantity-selector--add-to-cart quantity-selector--add-to-list-button" data-track="productAddToCartLocalize" data-track-product-quantity="1" data-track-link-name="add-to-cart-open" data-track-products-array="[{&quot;productSKU&quot;:&quot;20322764001_EA&quot;,&quot;productName&quot;:&quot;Apple Juice&quot;,&quot;productBrand&quot;:&quot;Allen's&quot;,&quot;productCatalog&quot;:&quot;grocery&quot;,&quot;productVendor&quot;:null,&quot;productPrice&quot;:&quot;2.98&quot;,&quot;productQuantity&quot;:1,&quot;dealBadge&quot;:null,&quot;loyaltyBadge&quot;:&quot;false&quot;,&quot;textBadge&quot;:&quot;&quot;,&quot;productPosition&quot;:null,&quot;productOrderId&quot;:null,&quot;productVariant&quot;:null,&quot;subProduct&quot;:null}]" data-cruller="quantity-selector-add-to-cart"><span>Add</span></button></div></div></div></div></li><li class="product-tile-group__list__item" data-auid="product-tile"><div class="product-tracking" data-track-article-number="21020466" data-track-product-id="21020466_EA" data-track-products-array="[{&quot;productSKU&quot;:&quot;21020466_EA&quot;,&quot;productName&quot;:&quot;Apple Slices&quot;,&quot;productBrand&quot;:&quot;Sunrich&quot;,&quot;productCatalog&quot;:&quot;grocery&quot;,&quot;productVendor&quot;:null,&quot;productPrice&quot;:&quot;4.00&quot;,&quot;productQuantity&quot;:null,&quot;dealBadge&quot;:null,&quot;loyaltyBadge&quot;:&quot;false&quot;,&quot;textBadge&quot;:&quot;&quot;,&quot;productPosition&quot;:38,&quot;productOrderId&quot;:null,&quot;productVariant&quot;:null,&quot;subProduct&quot;:null}]" data-track-algorithm-selected-position-array="{&quot;selectedPosition&quot;:&quot;to:38|or:38|sp:null&quot;}" data-track-loyalty-badge="false"><div class="product-tile product-tile--marketplace" data-track-product-index="38" data-auid="product-tile"><div class="product-tile__eyebrow" data-cruller="product-tile-eyebrow"><div class="product-badge__text product-badge__text--product-tile"></div></div><div class="product-tile__thumbnail"><div class="product-tile__thumbnail__image"><div class="lazyload-placeholder" style="height: 140px;"></div><div class="product-in-cart-flag"></div><button class="quickview-button" data-track="productQuickviewButton" data-cruller="productQuickviewButton"><span>Quick View</span><span class="sr-only sr-only-focusable">Apple Slices</span></button></div></div><div class="product-tile__details"><div class="product-tile__details__info"><h3 class="product-tile__details__info__name"><a class="product-tile__details__info__name__link" data-cruller="product-tile-title-link" href="/apple-slices/p/21020466_EA"><span class="product-name product-name--product-tile"><span class="product-name__item product-name__item--brand">Sunrich</span><span class="product-name__item product-name__item--name" title="Apple Slices">Apple Slices</span><span class="product-name__item product-name__item--package-size">280 g</span></span></a></h3><div class="product-tile__details__info__section"><div class="product-tile-deal-badge"></div><div class="product-tile__details__info__text-badge"></div><div class="product-prices product-prices--product-tile"><div class="selling-price-list selling-price-list--product-tile"><div class="selling-price-list__item"><span class="price selling-price-list__item__price selling-price-list__item__price--now-price"><span class="price__value selling-price-list__item__price selling-price-list__item__price--now-price__value">$4.00</span><span class="price__unit selling-price-list__item__price selling-price-list__item__price--now-price__unit">ea</span></span></div></div><ul class="comparison-price-list comparison-price-list--product-tile"><li class="comparison-price-list__item"><span class="price comparison-price-list__item__price"><span class="price__value comparison-price-list__item__price__value">$1.43</span><span class="price__unit comparison-price-list__item__price__unit">/ 100g</span></span></li></ul></div></div></div><div class="product-button-group product-button-group--product-tile product-button-group--add-to-list-button product-button-group--inactive" data-cruller="conditional-content-inactive"><button class="quantity-selector quantity-selector--update quantity-selector--horizontal quantity-selector--product-tile quantity-selector--add-to-cart quantity-selector--add-to-list-button" data-track="productAddToCartLocalize" data-track-product-quantity="1" data-track-link-name="add-to-cart-open" data-track-products-array="[{&quot;productSKU&quot;:&quot;21020466_EA&quot;,&quot;productName&quot;:&quot;Apple Slices&quot;,&quot;productBrand&quot;:&quot;Sunrich&quot;,&quot;productCatalog&quot;:&quot;grocery&quot;,&quot;productVendor&quot;:null,&quot;productPrice&quot;:&quot;4.00&quot;,&quot;productQuantity&quot;:1,&quot;dealBadge&quot;:null,&quot;loyaltyBadge&quot;:&quot;false&quot;,&quot;textBadge&quot;:&quot;&quot;,&quot;productPosition&quot;:null,&quot;productOrderId&quot;:null,&quot;productVariant&quot;:null,&quot;subProduct&quot;:null}]" data-cruller="quantity-selector-add-to-cart"><span>Add</span></button></div></div></div></div></li><li class="product-tile-group__list__item" data-auid="product-tile"><div class="product-tracking" data-track-article-number="21246317001" data-track-product-id="21246317001_EA" data-track-products-array="[{&quot;productSKU&quot;:&quot;21246317001_EA&quot;,&quot;productName&quot;:&quot;Apple Pazazz&quot;,&quot;productBrand&quot;:null,&quot;productCatalog&quot;:&quot;grocery&quot;,&quot;productVendor&quot;:null,&quot;productPrice&quot;:&quot;5.98&quot;,&quot;productQuantity&quot;:null,&quot;dealBadge&quot;:null,&quot;loyaltyBadge&quot;:&quot;false&quot;,&quot;textBadge&quot;:&quot;new&quot;,&quot;productPosition&quot;:39,&quot;productOrderId&quot;:null,&quot;productVariant&quot;:null,&quot;subProduct&quot;:null}]" data-track-algorithm-selected-position-array="{&quot;selectedPosition&quot;:&quot;to:39|or:39|sp:null&quot;}" data-track-loyalty-badge="false"><div class="product-tile product-tile--marketplace" data-track-product-index="39" data-auid="product-tile"><div class="product-tile__eyebrow" data-cruller="product-tile-eyebrow"><div class="product-badge__text product-badge__text--product-tile"><span>New</span></div></div><div class="product-tile__thumbnail"><div class="product-tile__thumbnail__image"><div class="lazyload-placeholder" style="height: 140px;"></div><div class="product-in-cart-flag"></div><button class="quickview-button" data-track="productQuickviewButton" data-cruller="productQuickviewButton"><span>Quick View</span><span class="sr-only sr-only-focusable">Apple Pazazz</span></button></div></div><div class="product-tile__details"><div class="product-tile__details__info"><h3 class="product-tile__details__info__name"><a class="product-tile__details__info__name__link" data-cruller="product-tile-title-link" href="/apple-pazazz/p/21246317001_EA"><span class="product-name product-name--product-tile"><span class="product-name__item product-name__item--name" title="Apple Pazazz">Apple Pazazz</span><span class="product-name__item product-name__item--package-size">1.814 kg</span></span></a></h3><div class="product-tile__details__info__section"><div class="product-tile-deal-badge"></div><div class="product-tile__details__info__text-badge"></div><div class="product-prices product-prices--product-tile"><div class="selling-price-list selling-price-list--product-tile"><div class="selling-price-list__item"><span class="price selling-price-list__item__price selling-price-list__item__price--now-price"><span class="price__value selling-price-list__item__price selling-price-list__item__price--now-price__value">$5.98</span><span class="price__unit selling-price-list__item__price selling-price-list__item__price--now-price__unit">ea</span></span></div></div><ul class="comparison-price-list comparison-price-list--product-tile"><li class="comparison-price-list__item"><span class="price comparison-price-list__item__price"><span class="price__value comparison-price-list__item__price__value">$0.33</span><span class="price__unit comparison-price-list__item__price__unit">/ 100g</span></span></li></ul></div></div></div><div class="product-button-group product-button-group--product-tile product-button-group--add-to-list-button product-button-group--inactive" data-cruller="conditional-content-inactive"><button class="quantity-selector quantity-selector--update quantity-selector--horizontal quantity-selector--product-tile quantity-selector--add-to-cart quantity-selector--add-to-list-button" data-track="productAddToCartLocalize" data-track-product-quantity="1" data-track-link-name="add-to-cart-open" data-track-products-array="[{&quot;productSKU&quot;:&quot;21246317001_EA&quot;,&quot;productName&quot;:&quot;Apple Pazazz&quot;,&quot;productBrand&quot;:null,&quot;productCatalog&quot;:&quot;grocery&quot;,&quot;productVendor&quot;:null,&quot;productPrice&quot;:&quot;5.98&quot;,&quot;productQuantity&quot;:1,&quot;dealBadge&quot;:null,&quot;loyaltyBadge&quot;:&quot;false&quot;,&quot;textBadge&quot;:&quot;new&quot;,&quot;productPosition&quot;:null,&quot;productOrderId&quot;:null,&quot;productVariant&quot;:null,&quot;subProduct&quot;:null}]" data-cruller="quantity-selector-add-to-cart"><span>Add</span></button></div></div></div></div></li><li class="product-tile-group__list__item" data-auid="product-tile"><div class="product-tracking" data-track-article-number="20738306" data-track-product-id="20738306_EA" data-track-products-array="[{&quot;productSKU&quot;:&quot;20738306_EA&quot;,&quot;productName&quot;:&quot;Apple Wedger&quot;,&quot;productBrand&quot;:&quot;Everyday Essentials&quot;,&quot;productCatalog&quot;:&quot;grocery&quot;,&quot;productVendor&quot;:null,&quot;productPrice&quot;:&quot;3.78&quot;,&quot;productQuantity&quot;:null,&quot;dealBadge&quot;:null,&quot;loyaltyBadge&quot;:&quot;false&quot;,&quot;textBadge&quot;:&quot;&quot;,&quot;productPosition&quot;:40,&quot;productOrderId&quot;:null,&quot;productVariant&quot;:null,&quot;subProduct&quot;:null}]" data-track-algorithm-selected-position-array="{&quot;selectedPosition&quot;:&quot;to:40|or:40|sp:null&quot;}" data-track-loyalty-badge="false"><div class="product-tile product-tile--marketplace" data-track-product-index="40" data-auid="product-tile"><div class="product-tile__eyebrow" data-cruller="product-tile-eyebrow"><div class="product-badge__text product-badge__text--product-tile"></div></div><div class="product-tile__thumbnail"><div class="product-tile__thumbnail__image"><div class="lazyload-placeholder" style="height: 140px;"></div><div class="product-in-cart-flag"></div><button class="quickview-button" data-track="productQuickviewButton" data-cruller="productQuickviewButton"><span>Quick View</span><span class="sr-only sr-only-focusable">Apple Wedger</span></button></div></div><div class="product-tile__details"><div class="product-tile__details__info"><h3 class="product-tile__details__info__name"><a class="product-tile__details__info__name__link" data-cruller="product-tile-title-link" href="/apple-wedger/p/20738306_EA"><span class="product-name product-name--product-tile"><span class="product-name__item product-name__item--brand">Everyday Essentials</span><span class="product-name__item product-name__item--name" title="Apple Wedger">Apple Wedger</span><span class="product-name__item product-name__item--package-size">1 ea</span></span></a></h3><div class="product-tile__details__info__section"><div class="product-tile-deal-badge"></div><div class="product-tile__details__info__text-badge"></div><div class="product-prices product-prices--product-tile"><div class="selling-price-list selling-price-list--product-tile"><div class="selling-price-list__item"><span class="price selling-price-list__item__price selling-price-list__item__price--now-price"><span class="price__value selling-price-list__item__price selling-price-list__item__price--now-price__value">$3.78</span><span class="price__unit selling-price-list__item__price selling-price-list__item__price--now-price__unit">ea</span></span></div></div><ul class="comparison-price-list comparison-price-list--product-tile"><li class="comparison-price-list__item"><span class="price comparison-price-list__item__price"><span class="price__value comparison-price-list__item__price__value">$3.78</span><span class="price__unit comparison-price-list__item__price__unit">/ 1ea</span></span></li></ul></div></div></div><div class="product-button-group product-button-group--product-tile product-button-group--add-to-list-button product-button-group--inactive" data-cruller="conditional-content-inactive"><button class="quantity-selector quantity-selector--update quantity-selector--horizontal quantity-selector--product-tile quantity-selector--add-to-cart quantity-selector--add-to-list-button" data-track="productAddToCartLocalize" data-track-product-quantity="1" data-track-link-name="add-to-cart-open" data-track-products-array="[{&quot;productSKU&quot;:&quot;20738306_EA&quot;,&quot;productName&quot;:&quot;Apple Wedger&quot;,&quot;productBrand&quot;:&quot;Everyday Essentials&quot;,&quot;productCatalog&quot;:&quot;grocery&quot;,&quot;productVendor&quot;:null,&quot;productPrice&quot;:&quot;3.78&quot;,&quot;productQuantity&quot;:1,&quot;dealBadge&quot;:null,&quot;loyaltyBadge&quot;:&quot;false&quot;,&quot;textBadge&quot;:&quot;&quot;,&quot;productPosition&quot;:null,&quot;productOrderId&quot;:null,&quot;productVariant&quot;:null,&quot;subProduct&quot;:null}]" data-cruller="quantity-selector-add-to-cart"><span>Add</span></button></div></div></div></div></li><li class="product-tile-group__list__item" data-auid="product-tile"><div class="product-tracking" data-track-article-number="20311281" data-track-product-id="20311281_EA" data-track-products-array="[{&quot;productSKU&quot;:&quot;20311281_EA&quot;,&quot;productName&quot;:&quot;Apple Juice&quot;,&quot;productBrand&quot;:&quot;No Name&quot;,&quot;productCatalog&quot;:&quot;grocery&quot;,&quot;productVendor&quot;:null,&quot;productPrice&quot;:&quot;2.48&quot;,&quot;productQuantity&quot;:null,&quot;dealBadge&quot;:null,&quot;loyaltyBadge&quot;:&quot;false&quot;,&quot;textBadge&quot;:&quot;&quot;,&quot;productPosition&quot;:41,&quot;productOrderId&quot;:null,&quot;productVariant&quot;:null,&quot;subProduct&quot;:null}]" data-track-algorithm-selected-position-array="{&quot;selectedPosition&quot;:&quot;to:41|or:41|sp:null&quot;}" data-track-loyalty-badge="false"><div class="product-tile product-tile--marketplace" data-track-product-index="41" data-auid="product-tile"><div class="product-tile__eyebrow" data-cruller="product-tile-eyebrow"><div class="product-badge__text product-badge__text--product-tile"></div></div><div class="product-tile__thumbnail"><div class="product-tile__thumbnail__image"><div class="lazyload-placeholder" style="height: 140px;"></div><div class="product-in-cart-flag"></div><button class="quickview-button" data-track="productQuickviewButton" data-cruller="productQuickviewButton"><span>Quick View</span><span class="sr-only sr-only-focusable">Apple Juice</span></button></div></div><div class="product-tile__details"><div class="product-tile__details__info"><h3 class="product-tile__details__info__name"><a class="product-tile__details__info__name__link" data-cruller="product-tile-title-link" href="/apple-juice/p/20311281_EA"><span class="product-name product-name--product-tile"><span class="product-name__item product-name__item--brand">No Name</span><span class="product-name__item product-name__item--name" title="Apple Juice">Apple Juice</span><span class="product-name__item product-name__item--package-size">1.75 l</span></span></a></h3><div class="product-tile__details__info__section"><div class="product-tile-deal-badge"></div><div class="product-tile__details__info__text-badge"></div><div class="product-prices product-prices--product-tile"><div class="selling-price-list selling-price-list--product-tile"><div class="selling-price-list__item"><span class="price selling-price-list__item__price selling-price-list__item__price--now-price"><span class="price__value selling-price-list__item__price selling-price-list__item__price--now-price__value">$2.48</span><span class="price__unit selling-price-list__item__price selling-price-list__item__price--now-price__unit">ea</span></span></div></div><ul class="comparison-price-list comparison-price-list--product-tile"><li class="comparison-price-list__item"><span class="price comparison-price-list__item__price"><span class="price__value comparison-price-list__item__price__value">$0.14</span><span class="price__unit comparison-price-list__item__price__unit">/ 100ml</span></span></li></ul></div></div></div><div class="product-button-group product-button-group--product-tile product-button-group--add-to-list-button product-button-group--inactive" data-cruller="conditional-content-inactive"><button class="quantity-selector quantity-selector--update quantity-selector--horizontal quantity-selector--product-tile quantity-selector--add-to-cart quantity-selector--add-to-list-button" data-track="productAddToCartLocalize" data-track-product-quantity="1" data-track-link-name="add-to-cart-open" data-track-products-array="[{&quot;productSKU&quot;:&quot;20311281_EA&quot;,&quot;productName&quot;:&quot;Apple Juice&quot;,&quot;productBrand&quot;:&quot;No Name&quot;,&quot;productCatalog&quot;:&quot;grocery&quot;,&quot;productVendor&quot;:null,&quot;productPrice&quot;:&quot;2.48&quot;,&quot;productQuantity&quot;:1,&quot;dealBadge&quot;:null,&quot;loyaltyBadge&quot;:&quot;false&quot;,&quot;textBadge&quot;:&quot;&quot;,&quot;productPosition&quot;:null,&quot;productOrderId&quot;:null,&quot;productVariant&quot;:null,&quot;subProduct&quot;:null}]" data-cruller="quantity-selector-add-to-cart"><span>Add</span></button></div></div></div></div></li><li class="product-tile-group__list__item" data-auid="product-tile"><div class="product-tracking" data-track-article-number="20767363" data-track-product-id="20767363_EA" data-track-products-array="[{&quot;productSKU&quot;:&quot;20767363_EA&quot;,&quot;productName&quot;:&quot;Apple Juice&quot;,&quot;productBrand&quot;:&quot;Minute Maid&quot;,&quot;productCatalog&quot;:&quot;grocery&quot;,&quot;productVendor&quot;:null,&quot;productPrice&quot;:&quot;1.78&quot;,&quot;productQuantity&quot;:null,&quot;dealBadge&quot;:&quot;multi&quot;,&quot;loyaltyBadge&quot;:&quot;false&quot;,&quot;textBadge&quot;:&quot;&quot;,&quot;productPosition&quot;:42,&quot;productOrderId&quot;:null,&quot;productVariant&quot;:null,&quot;subProduct&quot;:null}]" data-track-algorithm-selected-position-array="{&quot;selectedPosition&quot;:&quot;to:42|or:42|sp:null&quot;}" data-track-loyalty-badge="false"><div class="product-tile product-tile--marketplace" data-track-product-index="42" data-auid="product-tile"><div class="product-tile__eyebrow" data-cruller="product-tile-eyebrow"><div class="product-badge__text product-badge__text--product-tile"></div></div><div class="product-tile__thumbnail"><div class="product-tile__thumbnail__image"><div class="lazyload-placeholder" style="height: 140px;"></div><div class="product-in-cart-flag"></div><button class="quickview-button" data-track="productQuickviewButton" data-cruller="productQuickviewButton"><span>Quick View</span><span class="sr-only sr-only-focusable">Apple Juice</span></button></div></div><div class="product-tile__details"><div class="product-tile__details__info"><h3 class="product-tile__details__info__name"><a class="product-tile__details__info__name__link" data-cruller="product-tile-title-link" href="/apple-juice/p/20767363_EA"><span class="product-name product-name--product-tile"><span class="product-name__item product-name__item--brand">Minute Maid</span><span class="product-name__item product-name__item--name" title="Apple Juice">Apple Juice</span><span class="product-name__item product-name__item--package-size">340 ml</span></span></a></h3><div class="product-tile__details__info__section"><div class="product-tile-deal-badge"><div class="product-badge__icon product-badge__icon--multi product-badge__icon--product-tile"><div class="product-badge__icon__text product-badge__icon__text--multi">multi</div></div></div><div class="product-tile__details__info__text-badge"><div class="product-badge__text product-badge__text--product-tile">$1.50 MIN 2</div></div><div class="product-prices product-prices--product-tile"><div class="selling-price-list selling-price-list--product-tile"><div class="selling-price-list__item"><span class="price selling-price-list__item__price selling-price-list__item__price--now-price"><span class="price__value selling-price-list__item__price selling-price-list__item__price--now-price__value">$1.78</span><span class="price__unit selling-price-list__item__price selling-price-list__item__price--now-price__unit">ea</span></span></div></div><ul class="comparison-price-list comparison-price-list--product-tile"><li class="comparison-price-list__item"><span class="price comparison-price-list__item__price"><span class="price__value comparison-price-list__item__price__value">$0.52</span><span class="price__unit comparison-price-list__item__price__unit">/ 100ml</span></span></li></ul></div></div></div><div class="product-button-group product-button-group--product-tile product-button-group--add-to-list-button product-button-group--inactive" data-cruller="conditional-content-inactive"><button class="quantity-selector quantity-selector--update quantity-selector--horizontal quantity-selector--product-tile quantity-selector--add-to-cart quantity-selector--add-to-list-button" data-track="productAddToCartLocalize" data-track-product-quantity="1" data-track-link-name="add-to-cart-open" data-track-products-array="[{&quot;productSKU&quot;:&quot;20767363_EA&quot;,&quot;productName&quot;:&quot;Apple Juice&quot;,&quot;productBrand&quot;:&quot;Minute Maid&quot;,&quot;productCatalog&quot;:&quot;grocery&quot;,&quot;productVendor&quot;:null,&quot;productPrice&quot;:&quot;1.78&quot;,&quot;productQuantity&quot;:1,&quot;dealBadge&quot;:&quot;multi&quot;,&quot;loyaltyBadge&quot;:&quot;false&quot;,&quot;textBadge&quot;:&quot;&quot;,&quot;productPosition&quot;:null,&quot;productOrderId&quot;:null,&quot;productVariant&quot;:null,&quot;subProduct&quot;:null}]" data-cruller="quantity-selector-add-to-cart"><span>Add</span></button></div></div></div></div></li><li class="product-tile-group__list__item" data-auid="product-tile"><div class="product-tracking" data-track-article-number="20652833" data-track-product-id="20652833_EA" data-track-products-array="[{&quot;productSKU&quot;:&quot;20652833_EA&quot;,&quot;productName&quot;:&quot;Banana Apple Kale&quot;,&quot;productBrand&quot;:&quot;Baby Gourmet&quot;,&quot;productCatalog&quot;:&quot;grocery&quot;,&quot;productVendor&quot;:null,&quot;productPrice&quot;:&quot;1.40&quot;,&quot;productQuantity&quot;:null,&quot;dealBadge&quot;:&quot;sale&quot;,&quot;loyaltyBadge&quot;:&quot;false&quot;,&quot;textBadge&quot;:&quot;&quot;,&quot;productPosition&quot;:43,&quot;productOrderId&quot;:null,&quot;productVariant&quot;:null,&quot;subProduct&quot;:null}]" data-track-algorithm-selected-position-array="{&quot;selectedPosition&quot;:&quot;to:43|or:43|sp:null&quot;}" data-track-loyalty-badge="false"><div class="product-tile product-tile--marketplace" data-track-product-index="43" data-auid="product-tile"><div class="product-tile__eyebrow" data-cruller="product-tile-eyebrow"><div class="product-badge__text product-badge__text--product-tile"></div></div><div class="product-tile__thumbnail"><div class="product-tile__thumbnail__image"><div class="lazyload-placeholder" style="height: 140px;"></div><div class="product-in-cart-flag"></div><button class="quickview-button" data-track="productQuickviewButton" data-cruller="productQuickviewButton"><span>Quick View</span><span class="sr-only sr-only-focusable">Banana Apple Kale</span></button></div></div><div class="product-tile__details"><div class="product-tile__details__info"><h3 class="product-tile__details__info__name"><a class="product-tile__details__info__name__link" data-cruller="product-tile-title-link" href="/banana-apple-kale/p/20652833_EA"><span class="product-name product-name--product-tile"><span class="product-name__item product-name__item--brand">Baby Gourmet</span><span class="product-name__item product-name__item--name" title="Banana Apple Kale">Banana Apple Kale</span><span class="product-name__item product-name__item--package-size">128 ml</span></span></a></h3><div class="product-tile__details__info__section"><div class="product-tile-deal-badge"><div class="product-badge__icon product-badge__icon--sale product-badge__icon--product-tile"><div class="product-badge__icon__text product-badge__icon__text--sale">sale</div><div class="product-badge__icon__expiry product-badge__icon__expiry--sale"><span>Ends 06/23</span></div></div></div><div class="product-tile__details__info__text-badge"><div class="product-badge__text product-badge__text--product-tile">SAVE $0.28</div></div><div class="product-prices product-prices--product-tile"><div class="selling-price-list selling-price-list--sale selling-price-list--product-tile" role="group" aria-label="$1.40 each, it was $1.68"><div class="selling-price-list__item"><span class="price selling-price-list__item__price selling-price-list__item__price--now-price"><span class="price__value selling-price-list__item__price selling-price-list__item__price--now-price__value">$1.40</span><span class="price__unit selling-price-list__item__price selling-price-list__item__price--now-price__unit">ea</span></span></div><div class="selling-price-list__item"><span class="price selling-price-list__item__price selling-price-list__item__price--was-price"><del class="price__value selling-price-list__item__price selling-price-list__item__price--was-price__value">$1.68</del></span></div></div><ul class="comparison-price-list comparison-price-list--product-tile"><li class="comparison-price-list__item"><span class="price comparison-price-list__item__price"><span class="price__value comparison-price-list__item__price__value">$1.09</span><span class="price__unit comparison-price-list__item__price__unit">/ 100ml</span></span></li></ul></div></div></div><div class="product-button-group product-button-group--product-tile product-button-group--add-to-list-button product-button-group--inactive" data-cruller="conditional-content-inactive"><button class="quantity-selector quantity-selector--update quantity-selector--horizontal quantity-selector--product-tile quantity-selector--add-to-cart quantity-selector--add-to-list-button" data-track="productAddToCartLocalize" data-track-product-quantity="1" data-track-link-name="add-to-cart-open" data-track-products-array="[{&quot;productSKU&quot;:&quot;20652833_EA&quot;,&quot;productName&quot;:&quot;Banana Apple Kale&quot;,&quot;productBrand&quot;:&quot;Baby Gourmet&quot;,&quot;productCatalog&quot;:&quot;grocery&quot;,&quot;productVendor&quot;:null,&quot;productPrice&quot;:&quot;1.40&quot;,&quot;productQuantity&quot;:1,&quot;dealBadge&quot;:&quot;sale&quot;,&quot;loyaltyBadge&quot;:&quot;false&quot;,&quot;textBadge&quot;:&quot;&quot;,&quot;productPosition&quot;:null,&quot;productOrderId&quot;:null,&quot;productVariant&quot;:null,&quot;subProduct&quot;:null}]" data-cruller="quantity-selector-add-to-cart"><span>Add</span></button></div></div></div></div></li><li class="product-tile-group__list__item" data-auid="product-tile"><div class="product-tracking" data-track-article-number="20415694002" data-track-product-id="20415694002_EA" data-track-products-array="[{&quot;productSKU&quot;:&quot;20415694002_EA&quot;,&quot;productName&quot;:&quot;Squeeze, Apple Peach&quot;,&quot;productBrand&quot;:&quot;GoGo squeez&quot;,&quot;productCatalog&quot;:&quot;grocery&quot;,&quot;productVendor&quot;:null,&quot;productPrice&quot;:&quot;3.28&quot;,&quot;productQuantity&quot;:null,&quot;dealBadge&quot;:null,&quot;loyaltyBadge&quot;:&quot;false&quot;,&quot;textBadge&quot;:&quot;&quot;,&quot;productPosition&quot;:44,&quot;productOrderId&quot;:null,&quot;productVariant&quot;:null,&quot;subProduct&quot;:null}]" data-track-algorithm-selected-position-array="{&quot;selectedPosition&quot;:&quot;to:44|or:44|sp:null&quot;}" data-track-loyalty-badge="false"><div class="product-tile product-tile--marketplace" data-track-product-index="44" data-auid="product-tile"><div class="product-tile__eyebrow" data-cruller="product-tile-eyebrow"><div class="product-badge__text product-badge__text--product-tile"></div></div><div class="product-tile__thumbnail"><div class="product-tile__thumbnail__image"><div class="lazyload-placeholder" style="height: 140px;"></div><div class="product-in-cart-flag"></div><button class="quickview-button" data-track="productQuickviewButton" data-cruller="productQuickviewButton"><span>Quick View</span><span class="sr-only sr-only-focusable">Squeeze, Apple Peach</span></button></div></div><div class="product-tile__details"><div class="product-tile__details__info"><h3 class="product-tile__details__info__name"><a class="product-tile__details__info__name__link" data-cruller="product-tile-title-link" href="/squeeze-apple-peach/p/20415694002_EA"><span class="product-name product-name--product-tile"><span class="product-name__item product-name__item--brand">GoGo squeez</span><span class="product-name__item product-name__item--name" title="Squeeze, Apple Peach">Squeeze, Apple Peach</span><span class="product-name__item product-name__item--package-size">90 g</span></span></a></h3><div class="product-tile__details__info__section"><div class="product-tile-deal-badge"></div><div class="product-tile__details__info__text-badge"></div><div class="product-prices product-prices--product-tile"><div class="selling-price-list selling-price-list--product-tile"><div class="selling-price-list__item"><span class="price selling-price-list__item__price selling-price-list__item__price--now-price"><span class="price__value selling-price-list__item__price selling-price-list__item__price--now-price__value">$3.28</span><span class="price__unit selling-price-list__item__price selling-price-list__item__price--now-price__unit">ea</span></span></div></div><ul class="comparison-price-list comparison-price-list--product-tile"><li class="comparison-price-list__item"><span class="price comparison-price-list__item__price"><span class="price__value comparison-price-list__item__price__value">$0.91</span><span class="price__unit comparison-price-list__item__price__unit">/ 100g</span></span></li></ul></div></div></div><div class="product-button-group product-button-group--product-tile product-button-group--add-to-list-button product-button-group--inactive" data-cruller="conditional-content-inactive"><button class="quantity-selector quantity-selector--update quantity-selector--horizontal quantity-selector--product-tile quantity-selector--add-to-cart quantity-selector--add-to-list-button" data-track="productAddToCartLocalize" data-track-product-quantity="1" data-track-link-name="add-to-cart-open" data-track-products-array="[{&quot;productSKU&quot;:&quot;20415694002_EA&quot;,&quot;productName&quot;:&quot;Squeeze, Apple Peach&quot;,&quot;productBrand&quot;:&quot;GoGo squeez&quot;,&quot;productCatalog&quot;:&quot;grocery&quot;,&quot;productVendor&quot;:null,&quot;productPrice&quot;:&quot;3.28&quot;,&quot;productQuantity&quot;:1,&quot;dealBadge&quot;:null,&quot;loyaltyBadge&quot;:&quot;false&quot;,&quot;textBadge&quot;:&quot;&quot;,&quot;productPosition&quot;:null,&quot;productOrderId&quot;:null,&quot;productVariant&quot;:null,&quot;subProduct&quot;:null}]" data-cruller="quantity-selector-add-to-cart"><span>Add</span></button></div></div></div></div></li><li class="product-tile-group__list__item" data-auid="product-tile"><div class="product-tracking" data-track-article-number="21178670" data-track-product-id="21178670_EA" data-track-products-array="[{&quot;productSKU&quot;:&quot;21178670_EA&quot;,&quot;productName&quot;:&quot;Softworks Apple Corer&quot;,&quot;productBrand&quot;:&quot;Oxo&quot;,&quot;productCatalog&quot;:&quot;grocery&quot;,&quot;productVendor&quot;:null,&quot;productPrice&quot;:&quot;8.98&quot;,&quot;productQuantity&quot;:null,&quot;dealBadge&quot;:null,&quot;loyaltyBadge&quot;:&quot;false&quot;,&quot;textBadge&quot;:&quot;&quot;,&quot;productPosition&quot;:45,&quot;productOrderId&quot;:null,&quot;productVariant&quot;:null,&quot;subProduct&quot;:null}]" data-track-algorithm-selected-position-array="{&quot;selectedPosition&quot;:&quot;to:45|or:45|sp:null&quot;}" data-track-loyalty-badge="false"><div class="product-tile product-tile--marketplace" data-track-product-index="45" data-auid="product-tile"><div class="product-tile__eyebrow" data-cruller="product-tile-eyebrow"><div class="product-badge__text product-badge__text--product-tile"></div></div><div class="product-tile__thumbnail"><div class="product-tile__thumbnail__image"><div class="lazyload-placeholder" style="height: 140px;"></div><div class="product-in-cart-flag"></div><button class="quickview-button" data-track="productQuickviewButton" data-cruller="productQuickviewButton"><span>Quick View</span><span class="sr-only sr-only-focusable">Softworks Apple Corer</span></button></div></div><div class="product-tile__details"><div class="product-tile__details__info"><h3 class="product-tile__details__info__name"><a class="product-tile__details__info__name__link" data-cruller="product-tile-title-link" href="/softworks-apple-corer/p/21178670_EA"><span class="product-name product-name--product-tile"><span class="product-name__item product-name__item--brand">Oxo</span><span class="product-name__item product-name__item--name" title="Softworks Apple Corer">Softworks Apple Corer</span><span class="product-name__item product-name__item--package-size">1 ea</span></span></a></h3><div class="product-tile__details__info__section"><div class="product-tile-deal-badge"></div><div class="product-tile__details__info__text-badge"></div><div class="product-prices product-prices--product-tile"><div class="selling-price-list selling-price-list--product-tile"><div class="selling-price-list__item"><span class="price selling-price-list__item__price selling-price-list__item__price--now-price"><span class="price__value selling-price-list__item__price selling-price-list__item__price--now-price__value">$8.98</span><span class="price__unit selling-price-list__item__price selling-price-list__item__price--now-price__unit">ea</span></span></div></div><ul class="comparison-price-list comparison-price-list--product-tile"><li class="comparison-price-list__item"><span class="price comparison-price-list__item__price"><span class="price__value comparison-price-list__item__price__value">$8.98</span><span class="price__unit comparison-price-list__item__price__unit">/ 1ea</span></span></li></ul></div></div></div><div class="product-button-group product-button-group--product-tile product-button-group--add-to-list-button product-button-group--inactive" data-cruller="conditional-content-inactive"><button class="quantity-selector quantity-selector--update quantity-selector--horizontal quantity-selector--product-tile quantity-selector--add-to-cart quantity-selector--add-to-list-button" data-track="productAddToCartLocalize" data-track-product-quantity="1" data-track-link-name="add-to-cart-open" data-track-products-array="[{&quot;productSKU&quot;:&quot;21178670_EA&quot;,&quot;productName&quot;:&quot;Softworks Apple Corer&quot;,&quot;productBrand&quot;:&quot;Oxo&quot;,&quot;productCatalog&quot;:&quot;grocery&quot;,&quot;productVendor&quot;:null,&quot;productPrice&quot;:&quot;8.98&quot;,&quot;productQuantity&quot;:1,&quot;dealBadge&quot;:null,&quot;loyaltyBadge&quot;:&quot;false&quot;,&quot;textBadge&quot;:&quot;&quot;,&quot;productPosition&quot;:null,&quot;productOrderId&quot;:null,&quot;productVariant&quot;:null,&quot;subProduct&quot;:null}]" data-cruller="quantity-selector-add-to-cart"><span>Add</span></button></div></div></div></div></li><li class="product-tile-group__list__item" data-auid="product-tile"><div class="product-tracking" data-track-article-number="20324241001" data-track-product-id="20324241001_EA" data-track-products-array="[{&quot;productSKU&quot;:&quot;20324241001_EA&quot;,&quot;productName&quot;:&quot;Fruitsations, Original Apple&quot;,&quot;productBrand&quot;:&quot;Mott's&quot;,&quot;productCatalog&quot;:&quot;grocery&quot;,&quot;productVendor&quot;:null,&quot;productPrice&quot;:&quot;2.98&quot;,&quot;productQuantity&quot;:null,&quot;dealBadge&quot;:null,&quot;loyaltyBadge&quot;:&quot;false&quot;,&quot;textBadge&quot;:&quot;&quot;,&quot;productPosition&quot;:46,&quot;productOrderId&quot;:null,&quot;productVariant&quot;:null,&quot;subProduct&quot;:null}]" data-track-algorithm-selected-position-array="{&quot;selectedPosition&quot;:&quot;to:46|or:46|sp:null&quot;}" data-track-loyalty-badge="false"><div class="product-tile product-tile--marketplace" data-track-product-index="46" data-auid="product-tile"><div class="product-tile__eyebrow" data-cruller="product-tile-eyebrow"><div class="product-badge__text product-badge__text--product-tile"></div></div><div class="product-tile__thumbnail"><div class="product-tile__thumbnail__image"><div class="lazyload-placeholder" style="height: 140px;"></div><div class="product-in-cart-flag"></div><button class="quickview-button" data-track="productQuickviewButton" data-cruller="productQuickviewButton"><span>Quick View</span><span class="sr-only sr-only-focusable">Fruitsations, Original Apple</span></button></div></div><div class="product-tile__details"><div class="product-tile__details__info"><h3 class="product-tile__details__info__name"><a class="product-tile__details__info__name__link" data-cruller="product-tile-title-link" href="/fruitsations-original-apple/p/20324241001_EA"><span class="product-name product-name--product-tile"><span class="product-name__item product-name__item--brand">Mott's</span><span class="product-name__item product-name__item--name" title="Fruitsations, Original Apple">Fruitsations, Original Apple</span><span class="product-name__item product-name__item--package-size">104 ml</span></span></a></h3><div class="product-tile__details__info__section"><div class="product-tile-deal-badge"></div><div class="product-tile__details__info__text-badge"></div><div class="product-prices product-prices--product-tile"><div class="selling-price-list selling-price-list--product-tile"><div class="selling-price-list__item"><span class="price selling-price-list__item__price selling-price-list__item__price--now-price"><span class="price__value selling-price-list__item__price selling-price-list__item__price--now-price__value">$2.98</span><span class="price__unit selling-price-list__item__price selling-price-list__item__price--now-price__unit">ea</span></span></div></div><ul class="comparison-price-list comparison-price-list--product-tile"><li class="comparison-price-list__item"><span class="price comparison-price-list__item__price"><span class="price__value comparison-price-list__item__price__value">$2.87</span><span class="price__unit comparison-price-list__item__price__unit">/ 100ml</span></span></li></ul></div></div></div><div class="product-button-group product-button-group--product-tile product-button-group--add-to-list-button product-button-group--inactive" data-cruller="conditional-content-inactive"><button class="quantity-selector quantity-selector--update quantity-selector--horizontal quantity-selector--product-tile quantity-selector--add-to-cart quantity-selector--add-to-list-button" data-track="productAddToCartLocalize" data-track-product-quantity="1" data-track-link-name="add-to-cart-open" data-track-products-array="[{&quot;productSKU&quot;:&quot;20324241001_EA&quot;,&quot;productName&quot;:&quot;Fruitsations, Original Apple&quot;,&quot;productBrand&quot;:&quot;Mott's&quot;,&quot;productCatalog&quot;:&quot;grocery&quot;,&quot;productVendor&quot;:null,&quot;productPrice&quot;:&quot;2.98&quot;,&quot;productQuantity&quot;:1,&quot;dealBadge&quot;:null,&quot;loyaltyBadge&quot;:&quot;false&quot;,&quot;textBadge&quot;:&quot;&quot;,&quot;productPosition&quot;:null,&quot;productOrderId&quot;:null,&quot;productVariant&quot;:null,&quot;subProduct&quot;:null}]" data-cruller="quantity-selector-add-to-cart"><span>Add</span></button></div></div></div></div></li><li class="product-tile-group__list__item" data-auid="product-tile"><div class="product-tracking" data-track-article-number="20324241003" data-track-product-id="20324241003_EA" data-track-products-array="[{&quot;productSKU&quot;:&quot;20324241003_EA&quot;,&quot;productName&quot;:&quot;Fruitsations, Strawberry Apple&quot;,&quot;productBrand&quot;:&quot;Mott's&quot;,&quot;productCatalog&quot;:&quot;grocery&quot;,&quot;productVendor&quot;:null,&quot;productPrice&quot;:&quot;2.98&quot;,&quot;productQuantity&quot;:null,&quot;dealBadge&quot;:null,&quot;loyaltyBadge&quot;:&quot;false&quot;,&quot;textBadge&quot;:&quot;&quot;,&quot;productPosition&quot;:47,&quot;productOrderId&quot;:null,&quot;productVariant&quot;:null,&quot;subProduct&quot;:null}]" data-track-algorithm-selected-position-array="{&quot;selectedPosition&quot;:&quot;to:47|or:47|sp:null&quot;}" data-track-loyalty-badge="false"><div class="product-tile product-tile--marketplace" data-track-product-index="47" data-auid="product-tile"><div class="product-tile__eyebrow" data-cruller="product-tile-eyebrow"><div class="product-badge__text product-badge__text--product-tile"></div></div><div class="product-tile__thumbnail"><div class="product-tile__thumbnail__image"><div class="lazyload-placeholder" style="height: 140px;"></div><div class="product-in-cart-flag"></div><button class="quickview-button" data-track="productQuickviewButton" data-cruller="productQuickviewButton"><span>Quick View</span><span class="sr-only sr-only-focusable">Fruitsations, Strawberry Apple</span></button></div></div><div class="product-tile__details"><div class="product-tile__details__info"><h3 class="product-tile__details__info__name"><a class="product-tile__details__info__name__link" data-cruller="product-tile-title-link" href="/fruitsations-strawberry-apple/p/20324241003_EA"><span class="product-name product-name--product-tile"><span class="product-name__item product-name__item--brand">Mott's</span><span class="product-name__item product-name__item--name" title="Fruitsations, Strawberry Apple">Fruitsations, Strawberry Apple</span><span class="product-name__item product-name__item--package-size">113 g</span></span></a></h3><div class="product-tile__details__info__section"><div class="product-tile-deal-badge"></div><div class="product-tile__details__info__text-badge"></div><div class="product-prices product-prices--product-tile"><div class="selling-price-list selling-price-list--product-tile"><div class="selling-price-list__item"><span class="price selling-price-list__item__price selling-price-list__item__price--now-price"><span class="price__value selling-price-list__item__price selling-price-list__item__price--now-price__value">$2.98</span><span class="price__unit selling-price-list__item__price selling-price-list__item__price--now-price__unit">ea</span></span></div></div><ul class="comparison-price-list comparison-price-list--product-tile"><li class="comparison-price-list__item"><span class="price comparison-price-list__item__price"><span class="price__value comparison-price-list__item__price__value">$2.64</span><span class="price__unit comparison-price-list__item__price__unit">/ 100g</span></span></li></ul></div></div></div><div class="product-button-group product-button-group--product-tile product-button-group--add-to-list-button product-button-group--inactive" data-cruller="conditional-content-inactive"><button class="quantity-selector quantity-selector--update quantity-selector--horizontal quantity-selector--product-tile quantity-selector--add-to-cart quantity-selector--add-to-list-button" data-track="productAddToCartLocalize" data-track-product-quantity="1" data-track-link-name="add-to-cart-open" data-track-products-array="[{&quot;productSKU&quot;:&quot;20324241003_EA&quot;,&quot;productName&quot;:&quot;Fruitsations, Strawberry Apple&quot;,&quot;productBrand&quot;:&quot;Mott's&quot;,&quot;productCatalog&quot;:&quot;grocery&quot;,&quot;productVendor&quot;:null,&quot;productPrice&quot;:&quot;2.98&quot;,&quot;productQuantity&quot;:1,&quot;dealBadge&quot;:null,&quot;loyaltyBadge&quot;:&quot;false&quot;,&quot;textBadge&quot;:&quot;&quot;,&quot;productPosition&quot;:null,&quot;productOrderId&quot;:null,&quot;productVariant&quot;:null,&quot;subProduct&quot;:null}]" data-cruller="quantity-selector-add-to-cart"><span>Add</span></button></div></div></div></div></li><li class="product-tile-group__list__item" data-auid="product-tile"><div class="product-tracking" data-track-article-number="20651248005" data-track-product-id="20651248005_EA" data-track-products-array="[{&quot;productSKU&quot;:&quot;20651248005_EA&quot;,&quot;productName&quot;:&quot;Apple, Stage 1&quot;,&quot;productBrand&quot;:&quot;PC Organics&quot;,&quot;productCatalog&quot;:&quot;grocery&quot;,&quot;productVendor&quot;:null,&quot;productPrice&quot;:&quot;1.00&quot;,&quot;productQuantity&quot;:null,&quot;dealBadge&quot;:null,&quot;loyaltyBadge&quot;:&quot;false&quot;,&quot;textBadge&quot;:&quot;&quot;,&quot;productPosition&quot;:48,&quot;productOrderId&quot;:null,&quot;productVariant&quot;:null,&quot;subProduct&quot;:null}]" data-track-algorithm-selected-position-array="{&quot;selectedPosition&quot;:&quot;to:48|or:48|sp:null&quot;}" data-track-loyalty-badge="false"><div class="product-tile product-tile--marketplace" data-track-product-index="48" data-auid="product-tile"><div class="product-tile__eyebrow" data-cruller="product-tile-eyebrow"><div class="product-badge__text product-badge__text--product-tile"></div></div><div class="product-tile__thumbnail"><div class="product-tile__thumbnail__image"><div class="lazyload-placeholder" style="height: 140px;"></div><div class="product-in-cart-flag"></div><button class="quickview-button" data-track="productQuickviewButton" data-cruller="productQuickviewButton"><span>Quick View</span><span class="sr-only sr-only-focusable">Apple, Stage 1</span></button></div></div><div class="product-tile__details"><div class="product-tile__details__info"><h3 class="product-tile__details__info__name"><a class="product-tile__details__info__name__link" data-cruller="product-tile-title-link" href="/apple-stage-1/p/20651248005_EA"><span class="product-name product-name--product-tile"><span class="product-name__item product-name__item--brand">PC Organics</span><span class="product-name__item product-name__item--name" title="Apple, Stage 1">Apple, Stage 1</span><span class="product-name__item product-name__item--package-size">128 ml</span></span></a></h3><div class="product-tile__details__info__section"><div class="product-tile-deal-badge"></div><div class="product-tile__details__info__text-badge"></div><div class="product-prices product-prices--product-tile"><div class="selling-price-list selling-price-list--product-tile"><div class="selling-price-list__item"><span class="price selling-price-list__item__price selling-price-list__item__price--now-price"><span class="price__value selling-price-list__item__price selling-price-list__item__price--now-price__value">$1.00</span><span class="price__unit selling-price-list__item__price selling-price-list__item__price--now-price__unit">ea</span></span></div></div><ul class="comparison-price-list comparison-price-list--product-tile"><li class="comparison-price-list__item"><span class="price comparison-price-list__item__price"><span class="price__value comparison-price-list__item__price__value">$0.78</span><span class="price__unit comparison-price-list__item__price__unit">/ 100ml</span></span></li></ul></div></div></div><div class="product-button-group product-button-group--product-tile product-button-group--add-to-list-button product-button-group--inactive" data-cruller="conditional-content-inactive"><button class="quantity-selector quantity-selector--update quantity-selector--horizontal quantity-selector--product-tile quantity-selector--add-to-cart quantity-selector--add-to-list-button" data-track="productAddToCartLocalize" data-track-product-quantity="1" data-track-link-name="add-to-cart-open" data-track-products-array="[{&quot;productSKU&quot;:&quot;20651248005_EA&quot;,&quot;productName&quot;:&quot;Apple, Stage 1&quot;,&quot;productBrand&quot;:&quot;PC Organics&quot;,&quot;productCatalog&quot;:&quot;grocery&quot;,&quot;productVendor&quot;:null,&quot;productPrice&quot;:&quot;1.00&quot;,&quot;productQuantity&quot;:1,&quot;dealBadge&quot;:null,&quot;loyaltyBadge&quot;:&quot;false&quot;,&quot;textBadge&quot;:&quot;&quot;,&quot;productPosition&quot;:null,&quot;productOrderId&quot;:null,&quot;productVariant&quot;:null,&quot;subProduct&quot;:null}]" data-cruller="quantity-selector-add-to-cart"><span>Add</span></button></div></div></div></div></li></ul></div></div><div class="product-grid__results__footer"><div class="load-more-button" data-auid="load-more-button"><button class="primary-button primary-button--load-more-button"><span>Load 48 More Results</span></button></div></div></div></div></div></div></div></div></div></main></div><div class="site-layout__footer" data-auid="footer"><div class="site-footer-wrapper"><div class="site-footer-wrapper__footer"><footer class="site-footer" id="site-footer" role="contentinfo" aria-label="Footer"><div class="social-links"><a href="https://www.instagram.com/realcanadiansuperstore/" aria-describedby="describe-link-opens-new-tab" target="_blank" rel="noopener noreferrer" class="social-links__link" data-track="footerSocialMediaLink" data-track-link-name="social-media-button-instagram" data-is-external-link="true"><img src="https://assets.shop.loblaws.ca/ContentMedia/lsl/icons/icon-sm-instagram.png" class="social-icon" alt="instagram"></a><a href="https://twitter.com/realcdnss" aria-describedby="describe-link-opens-new-tab" target="_blank" rel="noopener noreferrer" class="social-links__link" data-track="footerSocialMediaLink" data-track-link-name="social-media-button-twitter" data-is-external-link="true"><img src="https://assets.shop.loblaws.ca/ContentMedia/lsl/icons/icon-sm-twitter.png" class="social-icon" alt="twitter"></a><a href="https://www.facebook.com/RealCanadianSuperstore/" aria-describedby="describe-link-opens-new-tab" target="_blank" rel="noopener noreferrer" class="social-links__link" data-track="footerSocialMediaLink" data-track-link-name="social-media-button-facebook" data-is-external-link="true"><img src="https://assets.shop.loblaws.ca/ContentMedia/lsl/icons/icon-sm-facebook.png" class="social-icon" alt="facebook"></a></div><nav aria-label="Footer navigation"><div class="navigation-footer"><div class="navigation-footer__panel navigation-footer__panel--inactive" data-cruller="conditional-content-inactive"><span class="navigation-footer__panel__title navigation-footer__panel__title--text">Quick Links</span><ul class="navigation-footer__panel__list"><li class="navigation-footer__panel__list__item"><a class="navigation-item navigation-item--navigation-footer" data-auid="click:quick-links:weekly-flyer-link" data-track="data-track" data-track-link-name="quick-links:weekly-flyer" href="/deals/flyer">Weekly Flyer</a></li><li class="navigation-footer__panel__list__item"><a class="navigation-item navigation-item--navigation-footer" data-auid="click:quick-links:pc-express-link" data-track="data-track" data-track-link-name="quick-links:pc-express-online-grocery" href="/online-grocery-shopping?icta=click:quick-links:pc-express">PC Express Online Grocery</a></li><li class="navigation-footer__panel__list__item"><a class="navigation-item navigation-item--navigation-footer" data-auid="click:quick-links:ship-to-home-link" data-track="data-track" data-track-link-name="quick-links:ship-to-home" href="/ship-to-home?icta=quicklinks-ship-to-home">Ship-to-home</a></li><li class="navigation-footer__panel__list__item"><a class="navigation-item navigation-item--navigation-footer" data-auid="click:quick-links:store-locator-link" data-track="data-track" data-track-link-name="quick-links:store-locator" href="/store-locator?icta=click:quick-links:store-locator">Store Locator</a></li><li class="navigation-footer__panel__list__item"><a href="https://www.pcchef.ca/" aria-describedby="describe-link-opens-new-tab" target="_blank" rel="noopener noreferrer" class="navigation-item navigation-item--navigation-footer" data-auid="click:quick-links:meal-kit-delivery-link" data-track="data-track" data-track-link-name="quick-links:pc-chef-meal-kit-delivery" data-is-external-link="true">PC Chef Meal Kit Delivery</a></li></ul></div><div class="navigation-footer__panel navigation-footer__panel--inactive" data-cruller="conditional-content-inactive"><span class="navigation-footer__panel__title navigation-footer__panel__title--text">Orders</span><ul class="navigation-footer__panel__list"><li class="navigation-footer__panel__list__item"><a class="navigation-item navigation-item--navigation-footer" data-auid="substitutions-link" data-track="data-track" data-track-link-name="orders:substitutions" href="/faq#faq=53rbSWMfSgKF3eiMsMuTeo">Substitutions</a></li><li class="navigation-footer__panel__list__item"><a class="navigation-item navigation-item--navigation-footer" data-auid="click:quick-links:returns-exchange-link" data-track="data-track" data-track-link-name="orders:returns-&amp;-exchanges" href="/faq#faq=i0CFuu9T1Zlw2YJzJzbAy">Returns &amp; Exchanges</a></li><li class="navigation-footer__panel__list__item"><a class="navigation-item navigation-item--navigation-footer" data-auid="click:quick-links:payment-process-link" data-track="data-track" data-track-link-name="orders:payments-&amp;-process" href="/faq#faq=2Attqu6ypsaXyi45OQvdgU">Payments &amp; Process</a></li></ul></div><div class="navigation-footer__panel navigation-footer__panel--inactive" data-cruller="conditional-content-inactive"><span class="navigation-footer__panel__title navigation-footer__panel__title--text">About</span><ul class="navigation-footer__panel__list"><li class="navigation-footer__panel__list__item"><a class="navigation-item navigation-item--navigation-footer" data-auid="click:quick-links:contact-us-link" data-track="data-track" data-track-link-name="about:contact-us" href="/contact-us">Contact Us</a></li><li class="navigation-footer__panel__list__item"><a class="navigation-item navigation-item--navigation-footer" data-auid="click:quick-links:faq-link" data-track="data-track" data-track-link-name="about:faqs" href="/faq">FAQs</a></li><li class="navigation-footer__panel__list__item"><a class="navigation-item navigation-item--navigation-footer" data-auid="click:quick-links:who-we-are-link" data-track="data-track" data-track-link-name="about:who-we-are" href="/about">Who We Are</a></li><li class="navigation-footer__panel__list__item"></li></ul></div></div></nav><div class="content-footer"><ul class="content-footer__list"><li class="content-footer__list__item"></li><li class="content-footer__list__item"><a href="https://www.loblaw.ca/en/privacy-policy/" aria-describedby="describe-link-opens-new-tab" target="_blank" rel="noopener noreferrer" class="navigation-item navigation-item--content-footer__list__item__link" data-auid="privacy-policy-link" data-is-external-link="true">Privacy Policy</a></li><li class="content-footer__list__item"><a href="/termsofuse" aria-describedby="describe-link-opens-new-tab" target="_blank" rel="noopener noreferrer" class="navigation-item navigation-item--content-footer__list__item__link" data-auid="terms-of-use-link" data-is-external-link="true">Terms of Use</a></li><li class="content-footer__list__item"><a href="http://www.loblaw.ca/en/careers.html" aria-describedby="describe-link-opens-new-tab" target="_blank" rel="noopener noreferrer" class="navigation-item navigation-item--content-footer__list__item__link" data-auid="careers-link" data-is-external-link="true">Careers</a></li><li class="content-footer__list__item"></li><li class="content-footer__list__item"></li><li class="content-footer__list__item"><a href="https://www.loblaw.ca/en/accessibility-policy/" aria-describedby="describe-link-opens-new-tab" target="_blank" rel="noopener noreferrer" class="navigation-item navigation-item--content-footer__list__item__link" data-auid="accessibility-link" data-is-external-link="true">Accessibility</a></li></ul><span class="copyright-formality"><span> Loblaws Inc. All Rights Reserved</span></span></div></footer><nav class="cobrand-footer" id="cobrand-footer" aria-label="Cobrand Footer Navigation"><div class="cobrand-footer__accordion"><div class="cobrand-footer__accordion__panel cobrand-footer__accordion__panel--partner-stores cobrand-footer__accordion__panel--inactive" data-cruller="conditional-content-inactive"><button class="cobrand-footer-label__button">Partner Stores</button><div class="cobrand-footer-content cobrand-footer-content--partner-stores"><ul class="cobrand-footer-content__list cobrand-footer-content__list--level-0"><li class="cobrand-footer-content__list__item cobrand-footer-content__list__item--level-0 cobrand-footer-content__list__item--western-region"><span class="cobrand-footer-content__list__item__header cobrand-footer-content__list__item__header--level-0 cobrand-footer-content__list__item__header--western-region">Western Region</span><ul class="cobrand-footer-content__list cobrand-footer-content__list--level-1"><li class="cobrand-footer-content__list__item cobrand-footer-content__list__item--level-1 cobrand-footer-content__list__item--box"><a href="https://www.nofrills.ca/" aria-describedby="describe-link-opens-new-tab" target="_blank" rel="noopener noreferrer" class="navigation-item navigation-item--cobrand-footer-content__list__item__link" data-auid="box-link" data-is-external-link="true">Box</a></li><li class="cobrand-footer-content__list__item cobrand-footer-content__list__item--level-1 cobrand-footer-content__list__item--extra-foods"><a href="https://www.extrafoods.ca/?_gl=1*16mm159*_ga*MjEwNjMzMTczLjE2MTEwNjgwOTE.*_ga_B9WFKJZHQ5*MTYxMjM0Mzg1MS4xNy4xLjE2MTIzNDQ0NjAuNjA." aria-describedby="describe-link-opens-new-tab" target="_blank" rel="noopener noreferrer" class="navigation-item navigation-item--cobrand-footer-content__list__item__link" data-auid="extra-foods-link" data-is-external-link="true">Extra Foods</a></li><li class="cobrand-footer-content__list__item cobrand-footer-content__list__item--level-1 cobrand-footer-content__list__item--loblaws-city-market"><a href="https://www.loblaws.ca/en_CA/city-market-store-list-page.html" aria-describedby="describe-link-opens-new-tab" target="_blank" rel="noopener noreferrer" class="navigation-item navigation-item--cobrand-footer-content__list__item__link" data-auid="loblaws-city-market-link" data-is-external-link="true">Loblaws City Market</a></li><li class="cobrand-footer-content__list__item cobrand-footer-content__list__item--level-1 cobrand-footer-content__list__item--no-frills"><a href="https://www.nofrills.ca/" aria-describedby="describe-link-opens-new-tab" target="_blank" rel="noopener noreferrer" class="navigation-item navigation-item--cobrand-footer-content__list__item__link" data-auid="no-frills-link" data-is-external-link="true">No Frills</a></li><li class="cobrand-footer-content__list__item cobrand-footer-content__list__item--level-1 cobrand-footer-content__list__item--real-canadian-superstore"><a href="https://www.realcanadiansuperstore.ca/?_gl=1*f29cek*_ga*MjEwNjMzMTczLjE2MTEwNjgwOTE.*_ga_B9WFKJZHQ5*MTYxMjM0Mzg1MS4xNy4xLjE2MTIzNDQzNzguNjA." aria-describedby="describe-link-opens-new-tab" target="_blank" rel="noopener noreferrer" class="navigation-item navigation-item--cobrand-footer-content__list__item__link" data-auid="real-canadian-superstore-link" data-is-external-link="true">Real Canadian Superstore</a></li><li class="cobrand-footer-content__list__item cobrand-footer-content__list__item--level-1 cobrand-footer-content__list__item--your-independent-grocer"><a href="https://www.yourindependentgrocer.ca/?_gl=1*f29cek*_ga*MjEwNjMzMTczLjE2MTEwNjgwOTE.*_ga_B9WFKJZHQ5*MTYxMjM0Mzg1MS4xNy4xLjE2MTIzNDQzNzguNjA." aria-describedby="describe-link-opens-new-tab" target="_blank" rel="noopener noreferrer" class="navigation-item navigation-item--cobrand-footer-content__list__item__link" data-auid="your-independent-grocer-link" data-is-external-link="true">Your Independent Grocer</a></li></ul></li><li class="cobrand-footer-content__list__item cobrand-footer-content__list__item--level-0 cobrand-footer-content__list__item--ontario-region"><span class="cobrand-footer-content__list__item__header cobrand-footer-content__list__item__header--level-0 cobrand-footer-content__list__item__header--ontario-region">Ontario</span><ul class="cobrand-footer-content__list cobrand-footer-content__list--level-1"><li class="cobrand-footer-content__list__item cobrand-footer-content__list__item--level-1 cobrand-footer-content__list__item--bloor-street"><a href="https://www.bloorstreetmarket.ca/" aria-describedby="describe-link-opens-new-tab" target="_blank" rel="noopener noreferrer" class="navigation-item navigation-item--cobrand-footer-content__list__item__link" data-auid="bloor-street-link" data-is-external-link="true">Bloor Street Market</a></li><li class="cobrand-footer-content__list__item cobrand-footer-content__list__item--level-1 cobrand-footer-content__list__item--box"><a href="https://www.nofrills.ca/" aria-describedby="describe-link-opens-new-tab" target="_blank" rel="noopener noreferrer" class="navigation-item navigation-item--cobrand-footer-content__list__item__link" data-auid="box-link" data-is-external-link="true">Box</a></li><li class="cobrand-footer-content__list__item cobrand-footer-content__list__item--level-1 cobrand-footer-content__list__item--extra-foods"><a href="https://www.extrafoods.ca/?_gl=1*16mm159*_ga*MjEwNjMzMTczLjE2MTEwNjgwOTE.*_ga_B9WFKJZHQ5*MTYxMjM0Mzg1MS4xNy4xLjE2MTIzNDQ0NjAuNjA." aria-describedby="describe-link-opens-new-tab" target="_blank" rel="noopener noreferrer" class="navigation-item navigation-item--cobrand-footer-content__list__item__link" data-auid="extra-foods-link" data-is-external-link="true">Extra Foods</a></li><li class="cobrand-footer-content__list__item cobrand-footer-content__list__item--level-1 cobrand-footer-content__list__item--fortinos"><a href="https://www.fortinos.ca/" aria-describedby="describe-link-opens-new-tab" target="_blank" rel="noopener noreferrer" class="navigation-item navigation-item--cobrand-footer-content__list__item__link" data-auid="fortinos-link" data-is-external-link="true">Fortinos</a></li><li class="cobrand-footer-content__list__item cobrand-footer-content__list__item--level-1 cobrand-footer-content__list__item--independent-city-market"><a href="https://www.independentcitymarket.ca/en_CA.html" aria-describedby="describe-link-opens-new-tab" target="_blank" rel="noopener noreferrer" class="navigation-item navigation-item--cobrand-footer-content__list__item__link" data-auid="independent-city-market-link" data-is-external-link="true">Independent City Market</a></li><li class="cobrand-footer-content__list__item cobrand-footer-content__list__item--level-1 cobrand-footer-content__list__item--loblaws"><a href="https://www.loblaws.ca/en_CA.html" aria-describedby="describe-link-opens-new-tab" target="_blank" rel="noopener noreferrer" class="navigation-item navigation-item--cobrand-footer-content__list__item__link" data-auid="loblaws-link" data-is-external-link="true">Loblaws</a></li><li class="cobrand-footer-content__list__item cobrand-footer-content__list__item--level-1 cobrand-footer-content__list__item--no-frills"><a href="https://www.nofrills.ca/" aria-describedby="describe-link-opens-new-tab" target="_blank" rel="noopener noreferrer" class="navigation-item navigation-item--cobrand-footer-content__list__item__link" data-auid="no-frills-link" data-is-external-link="true">No Frills</a></li><li class="cobrand-footer-content__list__item cobrand-footer-content__list__item--level-1 cobrand-footer-content__list__item--real-canadian-superstore"><a href="https://www.realcanadiansuperstore.ca/?_gl=1*f29cek*_ga*MjEwNjMzMTczLjE2MTEwNjgwOTE.*_ga_B9WFKJZHQ5*MTYxMjM0Mzg1MS4xNy4xLjE2MTIzNDQzNzguNjA." aria-describedby="describe-link-opens-new-tab" target="_blank" rel="noopener noreferrer" class="navigation-item navigation-item--cobrand-footer-content__list__item__link" data-auid="real-canadian-superstore-link" data-is-external-link="true">Real Canadian Superstore</a></li><li class="cobrand-footer-content__list__item cobrand-footer-content__list__item--level-1 cobrand-footer-content__list__item--valu-mart"><a href="https://www.valumart.ca/" aria-describedby="describe-link-opens-new-tab" target="_blank" rel="noopener noreferrer" class="navigation-item navigation-item--cobrand-footer-content__list__item__link" data-auid="valu-mart-link" data-is-external-link="true">Valu-mart</a></li><li class="cobrand-footer-content__list__item cobrand-footer-content__list__item--level-1 cobrand-footer-content__list__item--your-independent-grocer"><a href="https://www.yourindependentgrocer.ca/?_gl=1*f29cek*_ga*MjEwNjMzMTczLjE2MTEwNjgwOTE.*_ga_B9WFKJZHQ5*MTYxMjM0Mzg1MS4xNy4xLjE2MTIzNDQzNzguNjA." aria-describedby="describe-link-opens-new-tab" target="_blank" rel="noopener noreferrer" class="navigation-item navigation-item--cobrand-footer-content__list__item__link" data-auid="your-independent-grocer-link" data-is-external-link="true">Your Independent Grocer</a></li><li class="cobrand-footer-content__list__item cobrand-footer-content__list__item--level-1 cobrand-footer-content__list__item--zehrs-markets"><a href="https://www.zehrs.ca/" aria-describedby="describe-link-opens-new-tab" target="_blank" rel="noopener noreferrer" class="navigation-item navigation-item--cobrand-footer-content__list__item__link" data-auid="zehrs-markets-link" data-is-external-link="true">Zehrs Markets</a></li></ul></li><li class="cobrand-footer-content__list__item cobrand-footer-content__list__item--level-0 cobrand-footer-content__list__item--quebec-region"><span class="cobrand-footer-content__list__item__header cobrand-footer-content__list__item__header--level-0 cobrand-footer-content__list__item__header--quebec-region">Qubec</span><ul class="cobrand-footer-content__list cobrand-footer-content__list--level-1"><li class="cobrand-footer-content__list__item cobrand-footer-content__list__item--level-1 cobrand-footer-content__list__item--loblaws"><a href="https://www.loblaws.ca/en_CA.html" aria-describedby="describe-link-opens-new-tab" target="_blank" rel="noopener noreferrer" class="navigation-item navigation-item--cobrand-footer-content__list__item__link" data-auid="loblaws-link" data-is-external-link="true">Loblaws</a></li><li class="cobrand-footer-content__list__item cobrand-footer-content__list__item--level-1 cobrand-footer-content__list__item--maxi-maxi-cie"><a href="https://www.maxi.ca/" aria-describedby="describe-link-opens-new-tab" target="_blank" rel="noopener noreferrer" class="navigation-item navigation-item--cobrand-footer-content__list__item__link" data-auid="maxi-Maxi-cie-link" data-is-external-link="true">Maxi/Maxi &amp; Cie</a></li><li class="cobrand-footer-content__list__item cobrand-footer-content__list__item--level-1 cobrand-footer-content__list__item--provigo"><a href="https://www.provigo.ca/" aria-describedby="describe-link-opens-new-tab" target="_blank" rel="noopener noreferrer" class="navigation-item navigation-item--cobrand-footer-content__list__item__link" data-auid="provigo-link" data-is-external-link="true">Provigo</a></li><li class="cobrand-footer-content__list__item cobrand-footer-content__list__item--level-1 cobrand-footer-content__list__item--valu-mart"><a href="https://www.valumart.ca/" aria-describedby="describe-link-opens-new-tab" target="_blank" rel="noopener noreferrer" class="navigation-item navigation-item--cobrand-footer-content__list__item__link" data-auid="valu-mart-link" data-is-external-link="true">Valu-mart</a></li></ul></li><li class="cobrand-footer-content__list__item cobrand-footer-content__list__item--level-0 cobrand-footer-content__list__item--atlantic-region"><span class="cobrand-footer-content__list__item__header cobrand-footer-content__list__item__header--level-0 cobrand-footer-content__list__item__header--atlantic-region">Atlantic Region</span><ul class="cobrand-footer-content__list cobrand-footer-content__list--level-1"><li class="cobrand-footer-content__list__item cobrand-footer-content__list__item--level-1 cobrand-footer-content__list__item--atlantic-superstore"><a href="https://www.atlanticsuperstore.ca/?_gl=1*x4oap6*_ga*MjEwNjMzMTczLjE2MTEwNjgwOTE.*_ga_B9WFKJZHQ5*MTYxMjM0Mzg1MS4xNy4xLjE2MTIzNDUyNTQuNTY." aria-describedby="describe-link-opens-new-tab" target="_blank" rel="noopener noreferrer" class="navigation-item navigation-item--cobrand-footer-content__list__item__link" data-auid="atlantic-superstore-link" data-is-external-link="true">Atlantic Superstore</a></li><li class="cobrand-footer-content__list__item cobrand-footer-content__list__item--level-1 cobrand-footer-content__list__item--dominion-stores"><a href="https://www.newfoundlandgrocerystores.ca/" aria-describedby="describe-link-opens-new-tab" target="_blank" rel="noopener noreferrer" class="navigation-item navigation-item--cobrand-footer-content__list__item__link" data-auid="dominion-stores-link" data-is-external-link="true">Dominion Stores</a></li><li class="cobrand-footer-content__list__item cobrand-footer-content__list__item--level-1 cobrand-footer-content__list__item--no-frills"><a href="https://www.nofrills.ca/" aria-describedby="describe-link-opens-new-tab" target="_blank" rel="noopener noreferrer" class="navigation-item navigation-item--cobrand-footer-content__list__item__link" data-auid="no-frills-link" data-is-external-link="true">No Frills</a></li><li class="cobrand-footer-content__list__item cobrand-footer-content__list__item--level-1 cobrand-footer-content__list__item--save-easy"><a href="https://www.saveeasy.ca/" aria-describedby="describe-link-opens-new-tab" target="_blank" rel="noopener noreferrer" class="navigation-item navigation-item--cobrand-footer-content__list__item__link" data-auid="save-easy-link" data-is-external-link="true">Save Easy</a></li><li class="cobrand-footer-content__list__item cobrand-footer-content__list__item--level-1 cobrand-footer-content__list__item--your-independent-grocer"><a href="https://www.yourindependentgrocer.ca/?_gl=1*f29cek*_ga*MjEwNjMzMTczLjE2MTEwNjgwOTE.*_ga_B9WFKJZHQ5*MTYxMjM0Mzg1MS4xNy4xLjE2MTIzNDQzNzguNjA." aria-describedby="describe-link-opens-new-tab" target="_blank" rel="noopener noreferrer" class="navigation-item navigation-item--cobrand-footer-content__list__item__link" data-auid="your-independent-grocer-link" data-is-external-link="true">Your Independent Grocer</a></li></ul></li><li class="cobrand-footer-content__list__item cobrand-footer-content__list__item--level-0 cobrand-footer-content__list__item--other-partner-stores"><span class="cobrand-footer-content__list__item__header cobrand-footer-content__list__item__header--level-0 cobrand-footer-content__list__item__header--other-partner-stores">Other Partner Stores</span><ul class="cobrand-footer-content__list cobrand-footer-content__list--level-1"><li class="cobrand-footer-content__list__item cobrand-footer-content__list__item--level-1 cobrand-footer-content__list__item--joe-fresh"><a href="https://www.joefresh.com/ca" aria-describedby="describe-link-opens-new-tab" target="_blank" rel="noopener noreferrer" class="navigation-item navigation-item--cobrand-footer-content__list__item__link" data-auid="joe-fresh-link" data-is-external-link="true">Joe Fresh</a></li><li class="cobrand-footer-content__list__item cobrand-footer-content__list__item--level-1 cobrand-footer-content__list__item--photo-lab"><a href="https://www.photolab.ca/en-CA" aria-describedby="describe-link-opens-new-tab" target="_blank" rel="noopener noreferrer" class="navigation-item navigation-item--cobrand-footer-content__list__item__link" data-auid="photo-lab-link" data-is-external-link="true">Photo Lab</a></li></ul></li></ul></div></div><div class="cobrand-footer__accordion__panel cobrand-footer__accordion__panel--president-choice cobrand-footer__accordion__panel--inactive" data-cruller="conditional-content-inactive"><button class="cobrand-footer-label__button">President's Choice</button><div class="cobrand-footer-content cobrand-footer-content--president-choice"><ul class="cobrand-footer-content__list cobrand-footer-content__list--level-0"><li class="cobrand-footer-content__list__item cobrand-footer-content__list__item--level-0 cobrand-footer-content__list__item--departments"><span class="cobrand-footer-content__list__item__header cobrand-footer-content__list__item__header--level-0 cobrand-footer-content__list__item__header--departments">Departments</span><ul class="cobrand-footer-content__list cobrand-footer-content__list--level-1"><li class="cobrand-footer-content__list__item cobrand-footer-content__list__item--level-1 cobrand-footer-content__list__item--pc-products"><a href="https://www.presidentschoice.ca/en_CA/products.html" aria-describedby="describe-link-opens-new-tab" target="_blank" rel="noopener noreferrer" class="navigation-item navigation-item--cobrand-footer-content__list__item__link" data-auid="pc-products-link" data-is-external-link="true">PC Products</a></li><li class="cobrand-footer-content__list__item cobrand-footer-content__list__item--level-1 cobrand-footer-content__list__item--pc-cooking-school"><a href="https://www.pccookingschool.ca" aria-describedby="describe-link-opens-new-tab" target="_blank" rel="noopener noreferrer" class="navigation-item navigation-item--cobrand-footer-content__list__item__link" data-auid="pc-cooking-school-link" data-is-external-link="true">PC Cooking School</a></li><li class="cobrand-footer-content__list__item cobrand-footer-content__list__item--level-1 cobrand-footer-content__list__item--pc-financial"><a href="https://www.pcfinancial.ca/" aria-describedby="describe-link-opens-new-tab" target="_blank" rel="noopener noreferrer" class="navigation-item navigation-item--cobrand-footer-content__list__item__link" data-auid="pc-financial-link" data-is-external-link="true">PC Financial</a></li><li class="cobrand-footer-content__list__item cobrand-footer-content__list__item--level-1 cobrand-footer-content__list__item--pc-insurance"><a href="https://www.pcinsurance.ca/" aria-describedby="describe-link-opens-new-tab" target="_blank" rel="noopener noreferrer" class="navigation-item navigation-item--cobrand-footer-content__list__item__link" data-auid="pc-insurance-link" data-is-external-link="true">PC Insurance</a></li><li class="cobrand-footer-content__list__item cobrand-footer-content__list__item--level-1 cobrand-footer-content__list__item--pc-mobile"><a href="https://www.pcmobile.ca" aria-describedby="describe-link-opens-new-tab" target="_blank" rel="noopener noreferrer" class="navigation-item navigation-item--cobrand-footer-content__list__item__link" data-auid="pc-mobile-link" data-is-external-link="true">PC Mobile</a></li><li class="cobrand-footer-content__list__item cobrand-footer-content__list__item--level-1 cobrand-footer-content__list__item--pc-gift-cards"><a href="https://www.presidentschoice.ca/en_CA/familypage/gift-cards.html" aria-describedby="describe-link-opens-new-tab" target="_blank" rel="noopener noreferrer" class="navigation-item navigation-item--cobrand-footer-content__list__item__link" data-auid="pc-gift-cards-link" data-is-external-link="true">PC Gift Cards</a></li></ul></li><li class="cobrand-footer-content__list__item cobrand-footer-content__list__item--level-0 cobrand-footer-content__list__item--ideas-you-love"><span class="cobrand-footer-content__list__item__header cobrand-footer-content__list__item__header--level-0 cobrand-footer-content__list__item__header--ideas-you-love">Ideas You'll Love</span><ul class="cobrand-footer-content__list cobrand-footer-content__list--level-1"><li class="cobrand-footer-content__list__item cobrand-footer-content__list__item--level-1 cobrand-footer-content__list__item--recipes"><a href="https://www.presidentschoice.ca/en_CA/recipes.html" aria-describedby="describe-link-opens-new-tab" target="_blank" rel="noopener noreferrer" class="navigation-item navigation-item--cobrand-footer-content__list__item__link" data-auid="recipes-link" data-is-external-link="true">Recipes</a></li><li class="cobrand-footer-content__list__item cobrand-footer-content__list__item--level-1 cobrand-footer-content__list__item--smart-tips"><a href="https://www.presidentschoice.ca/en_CA/articles.html" aria-describedby="describe-link-opens-new-tab" target="_blank" rel="noopener noreferrer" class="navigation-item navigation-item--cobrand-footer-content__list__item__link" data-auid="smart-tips-link" data-is-external-link="true">Smart Tips</a></li><li class="cobrand-footer-content__list__item cobrand-footer-content__list__item--level-1 cobrand-footer-content__list__item--videos"><a href="https://www.presidentschoice.ca/en_CA/videos.html" aria-describedby="describe-link-opens-new-tab" target="_blank" rel="noopener noreferrer" class="navigation-item navigation-item--cobrand-footer-content__list__item__link" data-auid="videos-link" data-is-external-link="true">Videos</a></li></ul></li></ul></div></div><div class="cobrand-footer__accordion__panel cobrand-footer__accordion__panel--community cobrand-footer__accordion__panel--inactive" data-cruller="conditional-content-inactive"><button class="cobrand-footer-label__button">Community</button><div class="cobrand-footer-content cobrand-footer-content--community"><ul class="cobrand-footer-content__list cobrand-footer-content__list--level-0"><li class="cobrand-footer-content__list__item cobrand-footer-content__list__item--level-0 cobrand-footer-content__list__item--president-choice-children-charity"><a href="https://www.presidentschoice.ca/en_CA/community/pccc.html" aria-describedby="describe-link-opens-new-tab" target="_blank" rel="noopener noreferrer" class="navigation-item navigation-item--cobrand-footer-content__list__item__link" data-auid="president-choice-children-charity-link" data-is-external-link="true">President's Choice Children's Charity</a></li></ul></div></div></div></nav></div></div></div><div class="screen-reader-elements"><div id="describe-link-opens-new-tab"><span>Opens in new tab</span></div></div> <div role="dialog" class="modal-dialog modal-dialog--region-selector"><div class="modal-dialog__mask"></div><div class="modal-dialog__content"><div class="modal-dialog__content__module"><div class="region-selector"><div class="region-selector__logo"><span class="logo logo--region-selector"><img class="logo__image logo__image--superstore logo__image--region-selector" alt="Real Canadian Superstore" src="//d3rzy2hoo29vi.cloudfront.net/assets/img/logos/superstore_v2.svg"></span></div><h1 class="region-selector__header"><span>Please Select a Location</span></h1><ul class="region-selector__regions-list"><li class="region-selector__regions-list__item"><button class="primary-button primary-button--region-selector">Alberta</button></li><li class="region-selector__regions-list__item"><button class="primary-button primary-button--region-selector">British Columbia</button></li><li class="region-selector__regions-list__item"><button class="primary-button primary-button--region-selector">Manitoba</button></li><li class="region-selector__regions-list__item"><button class="primary-button primary-button--region-selector">Ontario</button></li><li class="region-selector__regions-list__item"><button class="primary-button primary-button--region-selector">Saskatchewan</button></li><li class="region-selector__regions-list__item"><button class="primary-button primary-button--region-selector">Yukon</button></li></ul></div></div></div></div></div></div>
        <div id="privacy-policy"><div tabindex="0" aria-label="Loblaw Privacy Policy" aria-describedby="lds__privacy-policy" class="lds__privacy-policy lds__privacy-policy__positionBottom"><div class="lds__privacy-policy__innerWrapper"><div id="lds__privacy-policy"><p>We use cookies and other technologies to enable core functionality on our website(s) and to provide you with a personalized experience. For more information on cookies and how to manage your settings, visit the <a href="https://www.loblaw.ca/en/privacy.html" target="_blank" class="lds__privacy-policy__link">Loblaw Privacy Policy</a>.</p></div><button type="button" class="lds__privacy-policy__btnClose">close</button></div></div></div>
        
        <script>
            window['ldBronxCDNPath'] = 'https://d3rzy2hoo29vi.cloudfront.net/builds/production/2.11.11/fc1afc28/superstore-mkt';
            window['ldBronxAppBundle'] = 'https://d3rzy2hoo29vi.cloudfront.net/builds/production/2.11.11/fc1afc28/superstore-mkt/superstore-mkt-bundle.js';
        </script>
        <script async="true" src="https://d3rzy2hoo29vi.cloudfront.net/builds/production/2.11.11/fc1afc28/superstore-mkt/superstore-mkt-vendor.bundle.js"></script>
    

 <!-- Google Code for Remarketing Tag -->
<!--------------------------------------------------
Remarketing tags may not be associated with personally identifiable information or placed on pages related to sensitive categories. See more information and instructions on how to setup the tag on: http://google.com/ads/remarketingsetup
--------------------------------------------------->
-<script type="text/javascript">
/* <![CDATA[ */
var google_conversion_id = 940077244;
var google_custom_params = window.google_tag_params;
var google_remarketing_only = true;
/* ]]> */
</script>
<script type="text/javascript" src="//www.googleadservices.com/pagead/conversion.js">
</script><script src="https://cdn.jsdelivr.net/npm/@babel/polyfill@7.7.0/dist/polyfill.min.js"></script><script src="https://cdn.jsdelivr.net/npm/react@16.13.1/umd/react.production.min.js"></script><script src="https://cdn.jsdelivr.net/npm/react-dom@16.13.1/umd/react-dom.production.min.js"></script><script src="https://cdn.jsdelivr.net/npm/prop-types@15.7.2/prop-types.min.js"></script><script src="https://cdn.jsdelivr.net/npm/redux@4.0.1/dist/redux.min.js"></script><script src="https://cdn.jsdelivr.net/npm/redux-actions@1.1.0/dist/redux-actions.min.js"></script><script src="https://cdn.jsdelivr.net/npm/redux-responsive@4.3.8/index.min.js"></script><script src="https://cdn.jsdelivr.net/npm/reselect@4.0.0/dist/reselect.min.js"></script><script src="https://cdn.jsdelivr.net/npm/immutable@3.8.1/dist/immutable.min.js"></script><script src="https://cdn.jsdelivr.net/npm/intl@1.2.5/dist/Intl.min.js"></script><script src="https://cdn.jsdelivr.net/npm/react-intl@2.7.2/dist/react-intl.min.js"></script><script src="https://cdn.jsdelivr.net/npm/react-slick@0.27.9/dist/react-slick.min.js"></script><script src="https://cdn.jsdelivr.net/npm/validator@10.11.0/validator.min.js"></script><script src="https://d3rzy2hoo29vi.cloudfront.net/builds/production/2.11.11/fc1afc28/superstore-mkt/common~dd84eb54_app.bundle.js"></script><script src="https://d3rzy2hoo29vi.cloudfront.net/builds/production/2.11.11/fc1afc28/superstore-mkt/common~253ae210_app.bundle.js"></script><script src="https://d3rzy2hoo29vi.cloudfront.net/builds/production/2.11.11/fc1afc28/superstore-mkt/common~15ae29a2_app.bundle.js"></script><script src="https://d3rzy2hoo29vi.cloudfront.net/builds/production/2.11.11/fc1afc28/superstore-mkt/common~7274e1de_app.bundle.js"></script><script src="https://d3rzy2hoo29vi.cloudfront.net/builds/production/2.11.11/fc1afc28/superstore-mkt/common~739cf782_app.bundle.js"></script><script src="https://d3rzy2hoo29vi.cloudfront.net/builds/production/2.11.11/fc1afc28/superstore-mkt/common~8adeac4a_app.bundle.js"></script><script src="https://d3rzy2hoo29vi.cloudfront.net/builds/production/2.11.11/fc1afc28/superstore-mkt/common~b5906859_app.bundle.js"></script><script src="https://d3rzy2hoo29vi.cloudfront.net/builds/production/2.11.11/fc1afc28/superstore-mkt/common~2df6c9b7_app.bundle.js"></script><script src="https://d3rzy2hoo29vi.cloudfront.net/builds/production/2.11.11/fc1afc28/superstore-mkt/common~4e44fb25_app.bundle.js"></script><script src="https://d3rzy2hoo29vi.cloudfront.net/builds/production/2.11.11/fc1afc28/superstore-mkt/common~db300d2f_app.bundle.js"></script><script src="https://d3rzy2hoo29vi.cloudfront.net/builds/production/2.11.11/fc1afc28/superstore-mkt/common~aeb57120_app.bundle.js"></script><script src="https://d3rzy2hoo29vi.cloudfront.net/builds/production/2.11.11/fc1afc28/superstore-mkt/common~19e3614f_app.bundle.js"></script><script src="https://d3rzy2hoo29vi.cloudfront.net/builds/production/2.11.11/fc1afc28/superstore-mkt/common~67b22fc5_app.bundle.js"></script><script src="https://d3rzy2hoo29vi.cloudfront.net/builds/production/2.11.11/fc1afc28/superstore-mkt/common~f9129949_app.bundle.js"></script><script src="https://d3rzy2hoo29vi.cloudfront.net/builds/production/2.11.11/fc1afc28/superstore-mkt/common~7d359b94_app.bundle.js"></script><script src="https://d3rzy2hoo29vi.cloudfront.net/builds/production/2.11.11/fc1afc28/superstore-mkt/common~70aabc29_app.bundle.js"></script><script src="https://d3rzy2hoo29vi.cloudfront.net/builds/production/2.11.11/fc1afc28/superstore-mkt/common~323f991a_app.bundle.js"></script><script src="https://d3rzy2hoo29vi.cloudfront.net/builds/production/2.11.11/fc1afc28/superstore-mkt/common~9c5b28f6_app.bundle.js"></script><script src="https://d3rzy2hoo29vi.cloudfront.net/builds/production/2.11.11/fc1afc28/superstore-mkt/common~56e1be11_app.bundle.js"></script><script src="https://d3rzy2hoo29vi.cloudfront.net/builds/production/2.11.11/fc1afc28/superstore-mkt/common~b58f7129_app.bundle.js"></script><script src="https://d3rzy2hoo29vi.cloudfront.net/builds/production/2.11.11/fc1afc28/superstore-mkt/common~f9ca8911_app.bundle.js"></script><script src="https://d3rzy2hoo29vi.cloudfront.net/builds/production/2.11.11/fc1afc28/superstore-mkt/common~678f84af_app.bundle.js"></script><script src="https://d3rzy2hoo29vi.cloudfront.net/builds/production/2.11.11/fc1afc28/superstore-mkt/common~fd731fb0_app.bundle.js"></script><script src="https://d3rzy2hoo29vi.cloudfront.net/builds/production/2.11.11/fc1afc28/superstore-mkt/common~3f764be9_app.bundle.js"></script><script src="https://d3rzy2hoo29vi.cloudfront.net/builds/production/2.11.11/fc1afc28/superstore-mkt/common~62bec46e_app.bundle.js"></script><script src="https://d3rzy2hoo29vi.cloudfront.net/builds/production/2.11.11/fc1afc28/superstore-mkt/common~7b23e428_app.bundle.js"></script><script src="https://d3rzy2hoo29vi.cloudfront.net/builds/production/2.11.11/fc1afc28/superstore-mkt/common~98431bb7_app.bundle.js"></script><script src="https://d3rzy2hoo29vi.cloudfront.net/builds/production/2.11.11/fc1afc28/superstore-mkt/common~11cd5f67_app.bundle.js"></script><script src="https://d3rzy2hoo29vi.cloudfront.net/builds/production/2.11.11/fc1afc28/superstore-mkt/common~ec8c427e_app.bundle.js"></script><script src="https://d3rzy2hoo29vi.cloudfront.net/builds/production/2.11.11/fc1afc28/superstore-mkt/store~500aec95_app.bundle.js"></script><script src="https://d3rzy2hoo29vi.cloudfront.net/builds/production/2.11.11/fc1afc28/superstore-mkt/store~e2c5d1fa_app.bundle.js"></script><script src="https://d3rzy2hoo29vi.cloudfront.net/builds/production/2.11.11/fc1afc28/superstore-mkt/store~291f5f23_app.bundle.js"></script><script src="https://d3rzy2hoo29vi.cloudfront.net/builds/production/2.11.11/fc1afc28/superstore-mkt/store~8aa59b06_app.bundle.js"></script><script src="https://d3rzy2hoo29vi.cloudfront.net/builds/production/2.11.11/fc1afc28/superstore-mkt/store~25d7d967_app.bundle.js"></script><script src="https://d3rzy2hoo29vi.cloudfront.net/builds/production/2.11.11/fc1afc28/superstore-mkt/superstore-mkt-bundle.js"></script>
<noscript></noscript>
<script>
  //Cross-domain tracking for PCID
  var visitor = Visitor.getInstance("99911CFE5329657B0A490D45@AdobeOrg");
  //_satellite.logger.warn('2. Custom Code MCID: ' + visitor.getMarketingCloudVisitorID()); //Warning
  var destinationURL = "accounts.pcid.ca"; 
  var destinationURLWithVisitorIDs = visitor.appendVisitorIDsTo(destinationURL); 
</script><script>
window.dataLayer = window.dataLayer || [];
window.dataLayer.push({
  originalLocation: document.location.protocol + '//' +
                    document.location.hostname +
                    document.location.pathname +
                    document.location.search
});
</script><script type="text/javascript" src="https://resources.digital-cloud.medallia.ca/wdccan/3970/onsite/embed.js" async=""></script><iframe sandbox="allow-scripts allow-same-origin" title="Adobe ID Syncing iFrame" id="destination_publishing_iframe_lcljoefresh_0" name="destination_publishing_iframe_lcljoefresh_0_name" src="https://lcljoefresh.demdex.net/dest5.html?d_nsid=0#https%3A%2F%2Fwww.realcanadiansuperstore.ca" style="display: none; width: 0px; height: 0px;" class="aamIframeLoaded"></iframe><script>_satellite["_runScript1"](function(event, target, Promise) {
_satellite.setVar("aa-medallia","active");
});</script><script type="text/javascript" async="" src="https://resources.digital-cloud.medallia.ca/wdccan/3970/onsite/generic1623945326599.js" charset="UTF-8"></script><span></span><iframe height="0" width="0" style="display: none; visibility: hidden;" src="//9656779.fls.doubleclick.net/activityi;src=9656779;type=custo00;cat=custo0;ord=5193515781703;gtm=2wg6g0;auiddc=982288713.1624139688;u1=anonymous;u2=null;u4=pc%20insiders%20membership%20unknown;u8=superstore;u5=undefined;u6=undefined;ps=1;~oref=https%3A%2F%2Fwww.realcanadiansuperstore.ca%2Fsearch%3Fsearch-bar%3Dapple?"></iframe><iframe height="0" width="0" style="display: none; visibility: hidden;" src="//9254617.fls.doubleclick.net/activityi;src=9254617;type=audie0;cat=og_ba0;ord=108551814347;gtm=2wg6g0;auiddc=982288713.1624139688;ps=1;~oref=https%3A%2F%2Fwww.realcanadiansuperstore.ca%2Fsearch%3Fsearch-bar%3Dapple?"></iframe><script src="https://cdn.appdynamics.com/adrum/adrum-latest.js" async=""></script><div style="display: none; visibility: hidden;">
<script>!function(b,e,f,g,a,c,d){b.fbq||(a=b.fbq=function(){a.callMethod?a.callMethod.apply(a,arguments):a.queue.push(arguments)},b._fbq||(b._fbq=a),a.push=a,a.loaded=!0,a.version="2.0",a.queue=[],c=e.createElement(f),c.async=!0,c.src=g,d=e.getElementsByTagName(f)[0],d.parentNode.insertBefore(c,d))}(window,document,"script","https://connect.facebook.net/en_US/fbevents.js");fbq("init","611159122717147");fbq("init","408759993146884");fbq("track","PageView");</script>
<noscript></noscript>
</div>
  <script type="text/javascript" id="">(function(a){window.DataLayer||(window.DataLayer={});DataLayer.events||(DataLayer.events={});DataLayer.events.SPIVersion=DataLayer.events.SPIVersion||"3.4";DataLayer.events.SiteSection="1";var b=document.createElement("script");b.type="text/javascript";b.async=!0;b.src=a;a=document.getElementsByTagName("script")[0];a.parentNode.insertBefore(b,a)})(document.location.protocol+"//tag.rmp.rakuten.com/120461.ct.js");</script>
<script type="text/javascript" id="">(function(c,d,f,g,e){c[e]=c[e]||[];var h=function(){var b={ti:"5129763"};b.q=c[e];c[e]=new UET(b);c[e].push("pageLoad")};var a=d.createElement(f);a.src=g;a.async=1;a.onload=a.onreadystatechange=function(){var b=this.readyState;b&&"loaded"!==b&&"complete"!==b||(h(),a.onload=a.onreadystatechange=null)};d=d.getElementsByTagName(f)[0];d.parentNode.insertBefore(a,d)})(window,document,"script","//bat.bing.com/bat.js","uetq1");</script><script type="text/javascript" id="">var imgElement=document.createElement("img");imgElement.src="https://cm.g.doubleclick.net/pixel?google_nid\x3dloblaws_adh\x26google_cm\x26google_hm\x3diagR73b6dE7byktfxjt_sk8UjxBoQR8S";document.body.appendChild(imgElement);</script><img src="https://cm.g.doubleclick.net/pixel?google_nid=loblaws_adh&amp;google_cm&amp;google_hm=iagR73b6dE7byktfxjt_sk8UjxBoQR8S">
<script type="text/javascript" id="" src="https://js.adsrvr.org/up_loader.1.1.0.js"></script><script type="text/javascript" id="">var triggermail=triggermail||[];triggermail.load=function(a){var b=document.createElement("script");b.type="text/javascript";b.async=!0;b.src="https://api.bluecore.com/triggermail.js/"+a+".js";a=document.getElementsByTagName("script")[0];a.parentNode.insertBefore(b,a)};triggermail.load(google_tag_manager["GTM-NPWHZ7F"].macro(9));window.triggermail=triggermail;</script><script type="text/javascript" id="">(function(c,d,f,g,e){c[e]=c[e]||[];var h=function(){var b={ti:"14003605"};b.q=c[e];c[e]=new UET(b);c[e].push("pageLoad")};var a=d.createElement(f);a.src=g;a.async=1;a.onload=a.onreadystatechange=function(){var b=this.readyState;b&&"loaded"!==b&&"complete"!==b||(h(),a.onload=a.onreadystatechange=null)};d=d.getElementsByTagName(f)[0];d.parentNode.insertBefore(a,d)})(window,document,"script","//bat.bing.com/bat.js","uetq2");</script><script type="text/javascript" id="">!function(d,g,e){d.TiktokAnalyticsObject=e;var a=d[e]=d[e]||[];a.methods="page track identify instances debug on off once ready alias group enableCookie disableCookie".split(" ");a.setAndDefer=function(b,c){b[c]=function(){b.push([c].concat(Array.prototype.slice.call(arguments,0)))}};for(d=0;d<a.methods.length;d++)a.setAndDefer(a,a.methods[d]);a.instance=function(b){b=a._i[b]||[];for(var c=0;c<a.methods.length;c++)a.setAndDefer(b,a.methods[c]);return b};a.load=function(b,c){var f="https://analytics.tiktok.com/i18n/pixel/events.js";
a._i=a._i||{};a._i[b]=[];a._i[b]._u=f;a._t=a._t||{};a._t[b]=+new Date;a._o=a._o||{};a._o[b]=c||{};c=document.createElement("script");c.type="text/javascript";c.async=!0;c.src=f+"?sdkid\x3d"+b+"\x26lib\x3d"+e;b=document.getElementsByTagName("script")[0];b.parentNode.insertBefore(c,b)};a.load(google_tag_manager["GTM-NPWHZ7F"].macro(10));a.page()}(window,document,"ttq");</script><div style="width:0px; height:0px; display:none; visibility:hidden;" id="batBeacon76089729683"><img style="width:0px; height:0px; display:none; visibility:hidden;" id="batBeacon174690305702" width="0" height="0" alt="" src="https://bat.bing.com/action/0?ti=14003605&amp;Ver=2&amp;mid=80cd2391-21b0-46a3-9675-873daec0f352&amp;sid=f8c46480d14811ebbc9685a369a50ef3&amp;vid=f8c4cd70d14811ebb3fec18921deabaf&amp;vids=1&amp;pi=0&amp;lg=en-US&amp;sw=800&amp;sh=600&amp;sc=24&amp;tl=Search%20Results%20%7C%20Real%20Canadian%20Superstore&amp;p=https%3A%2F%2Fwww.realcanadiansuperstore.ca%2Fsearch%3Fsearch-bar%3Dapple&amp;r=&amp;lt=1653&amp;evt=pageLoad&amp;msclkid=N&amp;sv=1&amp;rn=877939"></div><div style="width:0px; height:0px; display:none; visibility:hidden;" id="batBeacon65403683471"><img style="width:0px; height:0px; display:none; visibility:hidden;" id="batBeacon39387104297" width="0" height="0" alt="" src="https://bat.bing.com/action/0?ti=5129763&amp;Ver=2&amp;mid=40ddcdb4-c4ac-43e6-a4f4-951bc934765a&amp;sid=f8c46480d14811ebbc9685a369a50ef3&amp;vid=f8c4cd70d14811ebb3fec18921deabaf&amp;vids=0&amp;pi=0&amp;lg=en-US&amp;sw=800&amp;sh=600&amp;sc=24&amp;tl=Search%20Results%20%7C%20Real%20Canadian%20Superstore&amp;p=https%3A%2F%2Fwww.realcanadiansuperstore.ca%2Fsearch%3Fsearch-bar%3Dapple&amp;r=&amp;lt=1653&amp;evt=pageLoad&amp;msclkid=N&amp;sv=1&amp;rn=93753"></div><script>_satellite["_runScript2"](function(event, target, Promise) {
window.KAMPYLE_ONSITE_SDK&&"function"==typeof window.KAMPYLE_ONSITE_SDK.updatePageView&&window.KAMPYLE_ONSITE_SDK.updatePageView();
});</script>
 <script type="text/javascript" id="">ttd_dom_ready(function(){if("function"===typeof TTDUniversalPixelApi){var a=new TTDUniversalPixelApi;a.init("ec9apa4",["6mepm63"],"https://insight.adsrvr.org/track/up")}});</script><iframe id="universal_pixel_6mepm63" height="0" width="0" style="display:none;" src="https://insight.adsrvr.org/track/up?adv=ec9apa4&amp;ref=https%3A%2F%2Fwww.realcanadiansuperstore.ca%2Fsearch%3Fsearch-bar%3Dapple&amp;upid=6mepm63&amp;upv=1.1.0" title="TTD Universal Pixel"></iframe><div id="slContainer" class="sl-container-desktop"><div class="sl-views-wrapper"><div class="sl-frame-component" style="z-index: 1;"><iframe class="sl-frame"></iframe><div class="sl-item-background-shade"></div></div><div class="sl-frame-component" style="z-index: 2;"><iframe class="sl-frame"></iframe><div class="sl-item-background-shade"></div></div><div class="sl-frame-component" style="z-index: 3;"><iframe class="sl-frame"></iframe><div class="sl-item-background-shade"></div></div></div></div></body><iframe id="__JSBridgeIframe_1.0__" style="display: none;"></iframe><iframe id="__JSBridgeIframe_SetResult_1.0__" style="display: none;"></iframe><iframe id="__JSBridgeIframe__" style="display: none;"></iframe><iframe id="__JSBridgeIframe_SetResult__" style="display: none;"></iframe></html>
